3417 5534
386 688 404 732 X
758 688 991 735 Pantauchum.

387 878 492 957 multi,
511 880 631 945 nomine
656 881 741 943 κατὰ
766 878 967 946 Φιλόπονον.
992 881 1116 947 Scilicet
1139 882 1298 971 scripserat
1316 883 1365 949 hic

387 1019 519 1084 Joaunes
553 1018 739 1093 Φιλόπονος
765 1022 977 1086 commentaria
1000 1022 1032 1086 in
1056 1023 1221 1108 categorias
1245 1023 1363 1089 Aristo·

388 1158 470 1235 telis,
498 1165 532 1224 ut
562 1160 678 1225 indicat
701 1160 810 1225 titulus
834 1162 1084 1248 praestantissimi
1107 1162 1222 1228 codicis
1247 1163 1364 1229 Vindo-

385 1297 541 1362 bonensis:
573 1303 734 1363 Ἰωάννου
767 1302 1007 1384 Γραμματικοῦ
1039 1299 1283 1386 Ἀλεξανδρέως
1308 1311 1363 1371 τοῦ

388 1436 577 1502 Φιλοπὸνου
611 1440 644 1501 ἐκ
678 1441 743 1503 τῶν
777 1441 960 1503 συνουσιῶν
991 1440 1180 1521 Ἀμμωνίου
1204 1444 1260 1505 τοῦ
1285 1447 1364 1527 Ἕρ-

385 1578 477 1660 μοίου
502 1574 652 1661 exultant
682 1576 937 1660 οἷποσημειώσεις
962 1580 1006 1652 εἷς
1031 1581 1089 1653 τὰς
1113 1578 1363 1664 Ἀριστοτέλους

386 1715 466 1780 δέκα
488 1716 695 1799 κατηγορίας.
719 1716 802 1781 Hinc
823 1716 935 1781 factum
959 1716 1085 1795 ridetur,
1108 1719 1363 1805 utvitam‚qnam
1388 1682 1392 1687 -

385 1858 449 1921 siue
480 1857 612 1921 auctoris
643 1858 766 1921 nomine
797 1856 980 1922 circumferri
1019 1857 1170 1934 viderent,
1204 1857 1365 1923 tribuerint

384 1998 434 2062 alii
458 1997 570 2062 Joanui
595 1994 789 2078 Φιλοπόνῳ,
816 1996 866 2061 alii
892 1995 1068 2073 Ammonio,
1093 1996 1142 2060 oui
1164 1995 1256 2082 vulgo
1275 1996 1363 2062 etiam

383 2138 416 2200 in
448 2133 603 2199 codicibus
636 2134 843 2199 attribuuntur
875 2140 1104 2200 commemorata
1134 2136 1167 2199 in
1190 2134 1365 2221 Oategorias

384 2273 613 2338 Commentario.
638 2273 712 2351 Sed,
736 2279 770 2337 ut
794 2296 882 2361 snpra
906 2273 1057 2350 diximus,
1078 2296 1166 2359 quam
1187 2295 1270 2339 nunc
1289 2281 1362 2337 κατ’

384 2414 574 2495 Ἀμμώνιον
599 2413 728 2498 legimus
752 2413 860 2489 vitam,
887 2435 949 2477 eam
977 2411 1207 2498 haudquaquam
1232 2413 1364 2478 conscri-

383 2552 444 2638 psit
463 2551 663 2630 Ammonius;
684 2573 736 2617 cnr
756 2550 828 2615 huic
848 2551 889 2615 sit
908 2550 1076 2636 abjudicata
1095 2552 1198 2616 afferre
1218 2551 1366 2629 rationes,

383 2712 451 2755 cum
476 2690 512 2754 de
534 2690 572 2753 iis
595 2690 673 2755 inter
696 2713 798 2755 omues
830 2690 989 2755 conveniat
1012 2691 1092 2755 viros
1118 2690 1249 2766 Doctus,
1272 2690 1362 2777 hujus

382 2831 439 2895 loci
465 2852 528 2895 esso
551 2831 670 2915 nequit:
694 2830 751 2895 hoc
775 2831 902 2896 fortasse
925 2830 1105 2897 monendum
1126 2832 1243 2896 easdem
1268 2831 1364 2898 valere

382 2968 471 3033 etiam
504 2968 539 3032 de
569 2968 686 3033 Joanne
717 2968 894 3055 Philopono.
927 2968 1157 3034 Consarcinavit
1180 2992 1242 3034 eam
1268 2970 1365 3056 igitur

381 3108 503 3193 ignarus
523 3106 631 3192 aliquis
649 3106 832 3185 Graeculus,
853 3112 884 3172 et
905 3130 1001 3171 rerum
1018 3113 1047 3172 et
1059 3106 1180 3193 linguae
1191 3100 1363 3195 imperitus,

381 3246 432 3309 scd
456 3246 512 3310 hoo
535 3248 661 3311 fortasse
685 3248 790 3311 merito
815 3252 946 3312 statuere
968 3247 1040 3312 licet
1064 3248 1246 3313 Graeculum
1270 3250 1362 3315 istum

298 3402 300 3406 ’
381 3408 478 3452 veram
499 3384 675 3451 Aristotelis
697 3384 732 3450 ab
753 3386 916 3451 Ammonio
940 3387 1140 3473 conscriptam
1160 3386 1299 3453 hahuisse
1319 3390 1364 3453 vi-

379 3533 457 3601 tam,
477 3547 565 3611 quam
586 3524 622 3589 de
642 3547 697 3589 sno
719 3524 824 3590 misero
845 3525 1010 3611 corruperit
1029 3528 1059 3590 et
1073 3547 1141 3589 vero
1154 3525 1364 3613 deturpaverit.

424 3666 546 3730 Praeter
584 3664 652 3728 illas
694 3669 769 3743 tres,
809 3687 991 3751 novamque,
1027 3687 1102 3750 qnae
1136 3688 1218 3730 nunc
1251 3666 1365 3744 editur,

379 3812 527 3880 nostram,
552 3804 676 3867 minoris
702 3804 845 3868 momenti
869 3808 930 3868 tres
956 3805 1081 3869 veniunt
1105 3804 1194 3869 aliae:

425 3946 457 4025 o)
484 3947 538 4007 1⁰¹³
572 3942 712 4028 Dionysii
738 3942 894 4009 Halicarn.
919 3944 951 4009 iu
975 3944 1102 4031 epistola
1124 3944 1161 4010 ad
1184 3947 1362 4011 Aminaeum

483 4085 519 4148 de
551 4082 763 4149 Demosthene.
798 4083 945 4149 Continet
975 4106 1010 4149 ea
1044 4087 1214 4150 notationes
1249 4084 1364 4170 aliquot

482 4221 727 4308 chronologicas.

426 4364 455 4447 b)
479 4363 583 4427 Altera
613 4386 650 4427 ex
683 4361 837 4446 Hesychio
871 4362 992 4427 Milesio
1024 4362 1089 4449 agit
1113 4361 1149 4426 de
1173 4361 1363 4449 philosophia

483 4500 666 4566 Aristotelis.
