3417 5534
717 681 950 727 ΡΗΟιΙΙῦΟΜΝΑ.
1279 682 1323 727 Vll

344 877 396 939 ant
427 877 508 939 certa
536 877 590 939 ant
621 873 776 940 verisimili
807 875 980 961 conjectura
1010 897 1064 962 pro
1087 873 1202 941 viribus
1225 897 1324 940 emen·

345 1012 413 1078 dare
436 1017 562 1079 conatus
585 1036 661 1080 sum.
684 1013 794 1079 Veram
818 1014 975 1081 restituere
998 1014 1158 1081 lectionem
1182 1014 1229 1080 vel
1254 1037 1325 1102 sup-

344 1152 423 1240 plere
444 1153 521 1218 mihi
543 1153 632 1219 licuit
655 1176 741 1242 saepe
771 1178 808 1219 ex
830 1154 906 1242 ipsis
929 1154 1004 1219 loeis
1027 1153 1106 1241 apud
1129 1153 1323 1219 Aristotelem

344 1290 456 1370 obviis,
480 1314 556 1377 quae
578 1315 596 1357 a
618 1297 723 1359 nostro
754 1293 918 1381 biographo
941 1294 1048 1370 citata,
1072 1292 1123 1357 ubi
1147 1292 1184 1357 de
1206 1292 1327 1357 Aristo-

344 1429 413 1495 telis
442 1429 631 1518 philosophia
652 1432 732 1518 agit,
756 1431 787 1496 in
812 1431 989 1519 Philosophi
1012 1430 1152 1520 operibus
1172 1432 1325 1517 quaesivi,

344 1569 462 1647 iuveni,
486 1575 516 1635 et
538 1572 706 1658 comparavi
733 1574 770 1655 ¹).

389 1709 450 1773 Res
480 1709 632 1797 postulare
662 1709 789 1787 videtur,
821 1715 856 1775 nt
887 1708 1034 1774 hocloco
1059 1708 1095 1773 de
1118 1708 1226 1787 variis,
1249 1730 1325 1795 quse

346 1848 598 1913 circumferuntur
621 1847 797 1936 Philosophi
820 1847 995 1915 Aristotelis
1026 1849 1118 1925 vitae,
1144 1869 1238 1935 pauca
1260 1870 1326 1913 mo·

346 2009 478 2053 neamus.

391 2126 475 2191 Nota
497 2131 542 2191 est
567 2126 644 2204 vita,
666 2148 756 2212 quam
780 2126 902 2213 scripsit
926 2124 1078 2212 Diogenes
1101 2123 1257 2204 Laertins3
1279 2130 1325 2191 est

347 2262 526 2341 Διογένους
559 2264 725 2347 Λαερτίου
757 2264 838 2349 βίων
870 2266 926 2327 καὶ
952 2266 1090 2346 γνωμῶν
1116 2267 1182 2329 τῶν
1208 2261 1244 2328 ἐν
1269 2290 1325 2346 φι-

351 2402 488 2485 λοσοφίᾳ
514 2401 805 2487 ἐὐδοκιμησάντων
838 2407 905 2467 τῶν
930 2406 975 2477 εἷς
999 2401 1080 2467 δέκα
1104 2404 1140 2466 τὸ
1166 2406 1325 2484 πεμπτὸν.

390 2544 428 2607 In
459 2543 573 2608 adnott.
597 2542 635 2607 ad
659 2542 828 2630 Diogenem
852 2543 952 2608 Laert.
977 2549 1006 2608 5.
1034 2546 1084 2608 35.
1109 2543 1241 2608 alteram
1264 2544 1326 2630 pri·

346 2704 413 2747 mus
435 2681 531 2747 edidit
554 2680 730 2769 Menagius,
754 2682 864 2747 iterum
884 2681 1031 2760 Buhlius,
1053 2681 1160 2747 deinde
1178 2684 1218 2746 A.
1238 2681 1327 2747 Wes-

346 2827 459 2886 termarr
481 2822 514 2885 in
546 2821 630 2886 viter.
660 2822 783 2908 Scriptt.
817 2846 844 2909 p.
871 2826 935 2886 398
960 2820 995 2908 ²).
1020 2822 1078 2886 Est
1103 2821 1175 2886 haee
1199 2821 1278 2899 vita,
1301 2822 1328 2886 si

346 2960 439 3046 ipsam
464 2966 579 3047 spectes
599 2960 773 3026 Aristotelis
796 2960 970 3039 historiam»,
994 2960 1188 3037 breuissima,
1210 2966 1241 3025 et
1261 2983 1326 3047 per·

346 3122 454 3186 panca,
485 3121 560 3184 quae
590 3122 624 3163 co
647 3099 833 3185 pertineant,
857 3100 1008 3177 continet,
1032 3100 1082 3164 sed
1106 3099 1227 3187 longam
1253 3099 1327 3164 satis

347 3237 507 3311 librorum,
538 3260 613 3323 quos
637 3238 790 3325 scripserit
813 3237 1033 3326 Philosophus,
1057 3239 1327 3315 enumerationem,

346 3399 421 3462 quae
445 3375 596 3441 clauditur
618 3375 665 3441 his
689 3375 841 3443 versibus:

344 3570 519 3581 n-————-

383 3705 405 3765 ¹)
422 3701 542 3760 Lacunae,
558 3716 615 3767 quas
633 3699 740 3765 supplevi
758 3698 891 3763 designatae
911 3701 967 3748 sunt
984 3698 1058 3762 siguis
1077 3699 1129 3749 his:
1151 3746 1158 3766 ι
1206 3746 1212 3763 Ι
1229 3698 1329 3763 exempli

350 3834 369 3867 o.
400 3832 454 3881 pag.
485 3818 508 3864 3.
539 3816 581 3866 lin.
612 3816 644 3865 20
672 3815 759 3880 legitur
792 3814 989 3883 ιΑριστοτέλης
1023 3819 1129 3882 φοιτᾷ
1165 3813 1330 3863 Πλάτωνι

314 3900 319 3911 ’
349 3932 395 3984 aa
424 3932 537 3993 mea,
565 3932 667 3999 aeos„
693 3934 747 3982 ms.
771 3930 872 3983 aeaeae
890 3930 1121 3999 ’Aaaaeaearqae
1133 3966 1288 3979 .........

348 4051 415 4107 ctera.
440 4052 507 4115 Quae
529 4049 601 4100 habui
627 4049 725 4115 spuria,
749 4048 829 4099 notavi
851 4048 914 4098 inter
946 4050 958 4099 Γ
1025 4049 1036 4102 l
1063 4047 1163 4113 exempli
1186 4064 1206 4097 o.
1229 4064 1283 4113 pag.
1306 4049 1331 4097 5.

348 4168 390 4218 liu.
410 4168 441 4217 10
462 4167 559 4235 [rapt.

382 4288 405 4351 ¹)
424 4284 624 4351 Vidr.p1·aefatio
643 4285 672 4333 Δ.
691 4283 837 4333 chterman
857 4282 883 4331 in
900 4298 961 4332 nova
977 4281 1069 4332 Philos.
1089 4282 1193 4331 vitarum
1212 4280 1331 4343 editione,

348 4420 407 4468 quaa
425 4402 488 4452 curis
512 4402 539 4451 C.
564 4403 594 4450 G.
619 4401 708 4462 Cobet,
733 4402 789 4449 Ant.
809 4400 957 4449 Weatarman
974 4401 999 4447 et
1016 4400 1042 4447 J.
1061 4400 1089 4448 P.
1108 4398 1256 4450 Boissouadii
1274 4413 1334 4464 pro-

353 4519 396 4569 diit
413 4518 510 4570 Parisiis
527 4517 616 4568 editore
635 4514 758 4567 Ambrosio
777 4516 868 4566 Flamin
888 4513 1051 4577 monerem.
