3417 5534
789 714 900 762 uorsa.
1290 702 1332 763 49

393 902 471 969 Ibid.
503 903 572 969 Lin.
605 908 656 969 16.
689 906 747 967 καὶ
778 906 839 988 γὰρ
871 906 923 967 ὅτι
947 903 1154 970 τὸκαθόλου
1179 887 1331 970 οὐκέστι

349 1066 377 1109 κ.
403 1067 431 1109 τ.
456 1046 481 1108 ἕ.
506 1042 586 1107 Vide
610 1042 738 1109 Aristot.
763 1042 800 1108 de
824 1043 924 1109 animo
947 1044 973 1108 I.
996 1048 1024 1108 1.
1049 1042 1207 1110 σκεπτέον
1231 1049 1332 1109 cors*

348 1204 405 1265 ρον
438 1179 585 1264 ὁμοειδὴς
616 1182 730 1246 ἅπασα
763 1186 873 1268 ψυχὴ,
904 1186 925 1263 ἤ
959 1182 1007 1248 οὔ.
1033 1221 1076 1232 —-
1100 1186 1159 1247 νῦν
1183 1186 1243 1267 μὲν
1268 1187 1329 1268 γὰρ

349 1320 380 1382 οἱ
416 1317 568 1397 λέγοντες
605 1320 660 1383 καὶ
695 1318 868 1403 ζητοῦντες
899 1322 972 1404 περὶ
1007 1328 1137 1405 ψυχῆς,
1169 1324 1243 1406 περὶ
1274 1329 1330 1402 τῆς

348 1456 563 1542 ἀνθρωπίνης
594 1461 695 1543 μόνης
728 1457 876 1523 ἐοίκασιν
902 1457 1105 1524 ἐπισκοπεῖν·
1130 1458 1330 1545 εὐλαβητέον

348 1592 378 1658 δ’
413 1596 499 1670 ὅπως
533 1600 576 1679 μὴ
612 1594 768 1682 λανθάνῃ
804 1599 942 1682 πότερον
977 1590 1022 1671 εἷς
1054 1599 1073 1660 ό
1104 1595 1198 1675 λόγος
1231 1598 1330 1680 αὐτῆς

348 1734 433 1814 ἐστὶ,
467 1740 619 1820 καθάπερ
654 1735 752 1821 ζῴον,
785 1740 807 1817 ἤ
835 1742 916 1800 καθ’
940 1733 1081 1802 ἕκαστον
1106 1734 1232 1821 ἕτερος,
1259 1730 1329 1803 οἷον

346 1873 469 1953 ἵππον,
494 1877 591 1949 κυνὸς
599 1922 609 1953 ,
636 1873 838 1960 ανθρώπου,
862 1876 958 1960 θεοῦ·ι
976 1877 1012 1939 τὸ
1038 1872 1072 1937 δὲ
1095 1874 1180 1959 ζῴον
1205 1878 1241 1940 τὸ
1266 1901 1328 1941 κα-

347 2011 452 2077 octav
482 2016 555 2093 ἤτοι
588 2011 689 2079 οὐθέν
726 2016 816 2079 ἐστιν
847 2013 1038 2099 ἤῦστερον·
1063 2014 1179 2097 ὁμοίως
1204 2012 1238 2078 δὲ
1264 2018 1328 2082 κᾶν

347 2151 376 2215 si'
399 2177 431 2215 τι
456 2153 569 2217 κοινὸν
593 2150 676 2216 ἄλλο
702 2159 930 2238 κατηγοροῖτο·
955 2152 1004 2217 ἔτι
1029 2152 1059 2218 δ’
1086 2156 1114 2219 εἰ
1136 2158 1178 2236 μὴ
1204 2152 1325 2218 πολλαὶ

345 2292 453 2376 ψυχαὶ
489 2296 544 2367 etc.
579 2292 670 2357 Unde
700 2292 845 2357 discimus
876 2315 1020 2378 quaenam
1051 2294 1114 2357 sint
1153 2293 1327 2360 Aristotelis

345 2430 473 2496 verbaa
503 2430 667 2519 biographo
699 2432 805 2511 citata,
836 2430 947 2517 quibus
975 2454 1058 2497 suam
1082 2430 1167 2497 addit
1189 2430 1325 2500 observa·

345 2571 457 2637 tionem
480 2571 552 2636 inde
574 2594 591 2637 a
614 2570 711 2637 verbis
735 2570 859 2654 ἀσαφὲς
882 2597 912 2638 κ.
937 2596 966 2637 τ.
990 2574 1016 2637 ἑ.

390 3127 470 3194 Mihi
500 3150 582 3193 nunc
613 3132 706 3194 restat
729 3132 765 3193 ut
787 3150 882 3214 pauca
906 3127 942 3192 de
965 3126 1113 3193 Versione
1136 3127 1245 3193 Vetere
1266 3124 1327 3191 La-

346 3266 410 3331 tina
431 3266 547 3345 dicam,
569 3246 740 3354 pracsertim
765 3288 859 3352 quum
883 3265 939 3331 sub
961 3267 1051 3331 finem
1075 3267 1194 3331 demum
1215 3266 1327 3353 peracti

344 3403 454 3470 laboris
478 3405 641 3491 contigerit
664 3404 739 3471 mihi
760 3405 858 3493 legere
881 3405 915 3471 P.
939 3404 970 3471 J.
992 3405 1146 3471 Nunnesii
1169 3404 1325 3470 Valentini

344 3542 471 3622 librum,
495 3566 555 3629 quo
579 3545 751 3611 continetur
774 3544 837 3610 vita
860 3544 1034 3610 Aristotelis
1057 3543 1324 3631 Peripateticorum

344 3682 488 3770 principis
519 3704 571 3770 per
600 3683 797 3749 Ammonium
824 3706 877 3748 seu
906 3681 1126 3770 Philoponum,
1151 3682 1253 3747 addita
1275 3705 1325 3748 ve·

344 3826 408 3887 tere
429 3822 674 3909 interpretatione
696 3821 806 3887 Latina
829 3821 920 3908 longe
939 3822 1073 3887 auctiore
1092 3844 1175 3887 nnnc
1195 3822 1325 3909 primum

345 3982 382 4024 ex
413 3958 480 4024 MS.
511 3960 591 4026 edita
624 3958 770 4046 Lugduni
805 3960 911 4025 Batav.
945 3982 990 4048 ap.
1022 3959 1132 4024 Joann.
1164 3958 1328 4046 Diaphorst

345 4120 424 4164 anno
448 4102 543 4207 ltssssl.
568 4136 611 4148 -
635 4099 816 4166 Nunnesius
839 4122 906 4187 pag.
928 4104 969 4164 29
988 4099 1078 4186 hujus
1093 4097 1183 4164 libri:
1203 4098 1328 4184 “Hujus

348 4238 419 4325 (vet.
449 4237 598 4324 translat.)
630 4260 685 4303 nos
708 4237 859 4325 exemplar
880 4242 999 4304 tautum
1023 4239 1148 4303 unicum
1170 4238 1251 4303 nacti
1276 4260 1327 4302 su·

345 4399 428 4456 mus,
460 4383 490 4442 et
521 4377 635 4463 aliquot
665 4377 741 4443 locis
772 4377 846 4442 satis
879 4377 1089 4464 depravatum,
1114 4383 1144 4442 et
1167 4376 1327 4460 aliquando

346 4516 503 4583 mutilum:
535 4515 705 4583 curavimus
735 4521 853 4594 tamen,
885 4521 921 4582 ut
949 4518 1119 4604 potuimus,
1141 4515 1217 4581 illud
1240 4516 1326 4581 resti·

1179 4653 1193 4692 ll
