3417 5534
383 632 423 695 16
680 647 777 695 venos
800 647 914 694 narina
939 647 1060 694 vuasto.

380 839 513 908 cundum
549 839 676 926 aliquem
708 840 847 921 modum;
883 847 914 907 et
947 841 980 906 in
1014 839 1143 920 eisdem,
1178 862 1240 906 non
1276 838 1367 905 semel

379 1001 434 1045 nec
467 978 529 1058 bis,
561 979 614 1045 sed
646 978 766 1045 infinite
800 979 917 1045 easdem
952 980 1108 1067 opiniones
1139 978 1202 1045 fieri
1233 978 1365 1044 bomini·

379 1116 452 1199 bus;
485 1118 566 1204 quod
588 1140 650 1183 non
674 1118 802 1185 multum
828 1119 975 1207 sapientia
997 1116 1204 1207 superbiamus
1233 1117 1266 1182 in
1296 1117 1367 1203 qui·

379 1256 436 1323 bus
461 1258 599 1323 invenire
619 1257 780 1323 videamur.
799 1257 842 1323 Et
863 1257 934 1324 talis
954 1257 1076 1343 quidem
1094 1257 1258 1322 secundum
1271 1256 1365 1322 vitam

378 1396 438 1461 fuit
481 1394 686 1483 philosophus.
723 1395 855 1461 Addidit
890 1401 988 1463 autem
1023 1394 1230 1484 philosophiae
1263 1395 1365 1483 plura,

378 1557 454 1620 quae
483 1535 548 1623 ipse
576 1534 702 1601 invenit.
735 1534 863 1601 llthicae
886 1535 1008 1621 quidem
1032 1534 1170 1614 addidit,
1191 1534 1365 1599 felicitatem

378 1696 434 1739 nec
467 1674 501 1739 in
535 1672 622 1739 bonis
656 1672 854 1741 exterioribus
890 1679 1042 1753 constare,
1083 1674 1164 1740 sieut
1195 1672 1367 1759 Polyaenus

379 1812 471 1892 dicit,
504 1835 560 1879 nec
588 1813 622 1878 in
656 1814 754 1880 anima
786 1814 900 1893 solum,
932 1814 1013 1881 sicut
1047 1812 1135 1879 Plato
1159 1810 1290 1891 dicebat,
1313 1811 1366 1876 sed

380 1950 487 2017 habere
510 1952 631 2039 quidem
655 1954 781 2019 formam
804 1954 837 2018 in
861 1953 976 2032 anima,
999 1952 1189 2040 coinquinari
1212 1958 1312 2018 autem
1335 1956 1367 2017 et

380 2084 570 2157 constristari
603 2090 701 2157 solum
733 2092 829 2180 ipsam
861 2091 899 2158 ab
929 2091 1128 2158 exterioribus
1151 2114 1213 2172 non
1236 2090 1311 2157 bene
1333 2113 1366 2157 se

379 2230 575 2310 habentibus,
611 2234 730 2321 proprie
766 2232 951 2299 dictionibus
985 2238 1083 2299 utens.
1127 2232 1249 2297 Etenim
1291 2252 1367 2316 quae

382 2370 618 2456 coinquinantur
655 2372 783 2438 interius
822 2372 919 2460 ipsam
950 2370 1206 2460 pulchritudinem
1240 2368 1365 2436 habent:

378 2510 573 2577 occultantur
600 2516 699 2577 autem
724 2512 890 2577 secundum
915 2512 1007 2579 solam
1029 2512 1229 2599 superficiem,
1248 2516 1279 2576 et
1294 2532 1364 2578 con·

380 2649 485 2716 stricta
519 2650 643 2716 eandem
675 2616 914 2740 magnitudinem
946 2650 1056 2717 habent
1087 2650 1252 2716 seeundum
1286 2650 1364 2718 veri-

378 2793 478 2857 tatem.
511 2790 724 2881 Philosophiae
753 2797 852 2858 autem
877 2790 995 2858 addidit
1017 2792 1172 2879 quinctam
1196 2791 1365 2858 essentiam.

379 2928 611 2997 Mathematicae
639 2954 709 2997 vero
741 2931 943 3021 hexagonium
977 2956 1042 2998 esse
1077 2888 1186 2999 bonurn
1218 2933 1364 3013 visivam,

380 3076 500 3159 propter
529 3071 577 3151 id,
610 3072 691 3159 quod
721 3074 754 3139 in
777 3074 845 3161 plus
868 3074 984 3140 incedit
1006 3075 1105 3154 visus,
1130 3076 1217 3162 cujus
1239 3073 1364 3162 inspicit

379 3211 636 3298 magnitudinem,
672 3218 702 3279 et
736 3214 903 3280 secundum
938 3213 1013 3293 hoc,
1045 3213 1122 3279 nihil
1145 3236 1265 3292 eorum,
1288 3235 1364 3299 qnae

373 3350 532 3430 videntur,
566 3351 657 3418 simul
693 3358 792 3419 totum
824 3354 958 3431 videtur,
989 3357 1019 3420 et
1050 3354 1095 3421 sio
1126 3355 1265 3441 majorem
1298 3353 1363 3418 fieri

378 3511 463 3554 axem
498 3489 581 3569 base,
617 3513 693 3577 quae
727 3496 773 3559 est
803 3515 841 3558 ex
873 3493 946 3572 hoo,
977 3497 1008 3559 et
1038 3492 1229 3581 hexagonum
1252 3515 1362 3559 conum

379 3628 525 3714 perficere.
550 3628 732 3716 'theologiae
755 3652 825 3695 vero
849 3632 986 3717 quamvis
1009 3631 1085 3697 nihil
1109 3632 1243 3711 addidit,
1262 3638 1362 3698 tamen

379 3766 416 3831 de
446 3790 480 3831 ea
513 3767 591 3833 nihil
626 3767 774 3834 diminute
805 3769 1022 3836 determinavit.
1054 3772 1126 3837 Non
1155 3772 1236 3837 enim
1264 3772 1361 3837 solum

380 3904 530 3971 mundana
561 3906 653 3985 vidit,
684 3908 765 3973 siout
793 3908 915 3994 quidam
937 3914 1061 3997 putant,
1086 3910 1138 3977 sed
1161 3915 1192 3976 et
1214 3933 1263 3989 ea,
1286 3932 1362 3995 quae

379 4048 451 4109 sunt
481 4067 570 4133 supra
602 4046 765 4126 mundum,
789 4048 869 4113 siout
892 4048 1021 4114 declarat
1044 4050 1076 4113 in
1099 4054 1206 4115 octavo
1230 4050 1267 4114 de
1287 4048 1362 4137 phy·

379 4148 443 4249 sico
477 4185 603 4265 audita,
638 4185 755 4252 dicens:
790 4185 871 4271 quod
905 4187 1001 4274 prima
1035 4208 1124 4253 causa
1159 4210 1214 4253 nee
1248 4210 1301 4275 per
1331 4210 1363 4253 se

379 4321 517 4402 mobilis,
545 4346 601 4390 nec
629 4326 794 4392 seeundum
818 4327 974 4409 accidens3
997 4350 1034 4393 ex
1057 4327 1115 4393 hoc
1139 4328 1361 4407 demonstrans,

378 4463 458 4550 quod
480 4464 616 4531 divinum
635 4488 691 4533 neo
712 4488 821 4554 eorpus
839 4472 902 4546 est,
913 4490 1011 4555 neque
1023 4468 1170 4557 passibile.
1184 4468 1363 4558 Composuit
