3417 5534
388 654 429 715 42
463 644 465 651 ’
822 674 932 720 nom.

390 908 621 925 ..........
647 866 726 947 ὕμιν
751 867 818 929 τῶν
842 862 877 929 δι’
904 866 1119 949 ἐφαπτόμεθόι
1140 892 1218 933 τινα
1242 872 1365 952 τρόπον

387 1003 443 1065 καὶ
477 1002 512 1067 ἐν
537 1007 604 1078 τοῖς
629 1001 741 1078 αὐτοῖς
767 1002 825 1088 οὐχ
848 1002 940 1078 ἅπαξ
965 1002 1040 1069 οὐδὲ
1066 1002 1116 1079 δὶς
1140 1003 1214 1069 ἀλλ’
1230 1052 1363 1067 ......

388 1186 621 1202 ..........
655 1140 812 1219 γενέσθαι
847 1148 915 1216 τοῖς
948 1142 1141 1227 ἀνθρώποις
1165 1142 1275 1218 δόξας.
1300 1144 1369 1210 MS.

386 1278 528 1366 supplevi
556 1266 603 1345 ὧν
628 1282 751 1362 τὰμὲν
776 1280 973 1365 ἀποροῦμεν.
999 1281 1062 1347 cfr.
1084 1282 1215 1347 Aristot.
1240 1281 1366 1348 Moteor.

385 1419 410 1482 Ι.
436 1421 463 1481 l.
495 1415 531 1481 ἐν
556 1411 605 1491 οἷς
630 1420 670 1481 τό
693 1420 753 1499 μὲν
778 1417 976 1502 ἀποροῦμεν,
1002 1421 1067 1484 τῶν
1093 1417 1123 1483 δ’
1149 1420 1366 1503 ἐφαπτόμεθόι

385 1580 462 1620 τινα
494 1560 627 1640 τρόπον.
660 1558 699 1621 In
722 1578 801 1643 seqq.
826 1579 880 1643 pro
903 1555 1060 1635 γενέσθαι
1081 1558 1112 1623 in
1136 1563 1253 1624 textum
1277 1558 1366 1645 posui

385 1696 539 1772 γίνεσθαι
570 1696 649 1781 quod
682 1718 800 1773 omnes,
832 1696 936 1774 οιοόο,
968 1695 1137 1784 probabunt
1166 1702 1197 1763 et
1228 1696 1366 1763 lamnam

385 1834 521 1922 supplevi
551 1832 625 1898 ἀλλ’
657 1834 829 1920 ἀπειράκις
862 1837 920 1910 τὰς
953 1834 1066 1910 αὐτὰς.
1092 1835 1154 1902 Ofr.
1177 1837 1306 1905 Aristot.
1330 1835 1367 1903 de

383 1972 475 2038 Coelo
504 1973 530 2038 I.
554 1977 583 2037 3.
615 1973 664 2038 fin.
695 1971 732 2037 οὺ
757 1976 818 2058 γὰρ
841 1974 953 2052 ἅπαξ,
977 1973 1052 2040 οὐδὲ
1078 1973 1144 2050 δός,
1168 1972 1243 2038 ἀλλ’
1266 1974 1364 2039 ἀπει-

386 2117 479 2196 ράκις
503 2109 554 2175 όεῒ
577 2111 722 2194 νομίζειν
747 2115 804 2187 τάς
829 2112 932 2188 αὐτός
956 2114 1171 2196 ἀφικνεῖσθαι
1196 2111 1293 2187 δόξας
1318 2115 1363 2188 εἷς

385 2256 479 2331 ἡμᾶς·
513 2250 600 2316 Ιιίοοό
623 2252 701 2317 enim
725 2257 827 2317 noster
850 2251 962 2317 librum
985 2250 1110 2316 Meteor.
1133 2249 1249 2327 laudet,
1275 2249 1362 2315 verba

383 2390 462 2477 ipsa,
492 2412 567 2476 quae
598 2390 702 2467 refert,
733 2391 873 2477 potiuse
903 2389 980 2455 libro
1010 2390 1047 2455 de
1069 2389 1161 2455 coelo
1184 2389 1277 2477 petita
1299 2412 1365 2455 κιο

383 2528 531 2593 videntur.
556 2528 629 2593 'Palo
651 2528 724 2613 quid
745 2528 776 2593 in
800 2527 974 2593 Meteor.1
1000 2531 1029 2593 3.
1051 2526 1088 2591 οὐ
1109 2530 1170 2612 μὰρ
1196 2526 1235 2607 δὴ
1261 2533 1362 2609 φήσο-

382 2691 441 2747 μεν
473 2663 563 2739 ἅπαξ
595 2663 668 2730 οὐδὲ
694 2663 763 2744 δός,
787 2663 857 2729 οὐδ’
881 2663 1030 2744 ὀλιγάκις
1054 2667 1113 2742 τὰς
1136 2664 1239 2741 αὐτός
1263 2664 1361 2742 δόξας

277 2850 280 2857 .
382 2801 584 2869 ἀνακυκλεῖν
628 2802 806 2885 γινομένας
845 2805 881 2869 ἐν
917 2811 986 2880 τοῖς
1029 2803 1243 2889 ἀνθρώποις,
1285 2802 1361 2869 ἀλλ’

382 2940 565 3026 ἀπειράκις.

427 3217 504 3283 Ibid.
531 3218 598 3283 Lin.
625 3220 675 3284 17.
699 3215 855 3300 δοκοῦμεν
882 3220 936 3281 καὶ
953 3264 1358 3281 .................

385 3402 690 3418 .............
716 3358 733 3418 ό
757 3353 944 3439 φιλόσοφος.
970 3356 1038 3422 MS.
1062 3357 1170 3423 Versio
1194 3357 1232 3422 V.
1256 3357 1292 3423 L.
1315 3359 1361 3425 Et

381 3495 458 3559 talis
488 3496 607 3579 quidem
637 3496 800 3560 ιοοιιιιάιιοι
831 3496 927 3559 vitam
941 3495 1018 3579 fuit
1037 3495 1262 3581 μόόόοιομόιαε
1284 3518 1362 3581 quae

381 3632 426 3697 sic
449 3632 562 3697 Graece
584 3632 729 3696 vertimus
754 3634 808 3695 καὶ
834 3643 979 3708 τοιοῦτος
1003 3634 1063 3714 μὲν
1088 3635 1173 3697 κατὰ
1197 3636 1254 3697 τόν
1283 3634 1358 3718 βίον

381 3770 515 3849 μέμονεν
539 3773 557 3833 ό
580 3768 767 3854 φιλόσοφος.

424 4045 502 4113 Ibid.
543 4048 612 4112 Lin.
657 4051 708 4112 19.
742 4044 922 4122 ἀνελέξατο
938 4095 1046 4111 .....
1088 4051 1203 4133 ἠθικῇ.
1239 4051 1358 4115 Insemi

380 4193 420 4269 τῇ
442 4187 514 4267 μὲν.

425 4462 501 4528 Ibid¹
526 4463 594 4528 Lin.
619 4466 660 4529 20
685 4468 715 4527 et
737 4483 815 4547 seqq.
840 4463 876 4525 τό
901 4466 960 4544 τὴν
982 4461 1198 4546 εὐδαιμονίαν
1219 4467 1297 4544 μήτε
1320 4465 1356 4528 ἐν
