3417 5534
424 656 464 717 52
855 673 964 719 norae.

425 865 474 929 hic
493 864 524 930 id
549 887 663 953 semper
681 866 757 952 egit,
778 871 813 930 ut
832 887 1021 951 summopere
1040 863 1175 931 laudaret
1194 866 1402 943 Aristotelem,

424 1026 550 1090 eumque
572 1003 608 1068 ab
630 1005 822 1069 inimicorum
844 1003 1022 1070 criminibus
1042 1005 1218 1071 defenderet.
1238 1005 1298 1070 Ofr.
1311 1005 1403 1071 Stahr

424 1142 442 1207 l.
477 1166 502 1207 o.
542 1142 629 1215 Quae
668 1142 739 1208 huic
779 1145 910 1209 virorum
945 1143 1131 1208 eruditomm
1167 1145 1331 1208 sententiae
1366 1144 1403 1209 de

424 1282 608 1347 Aristoxeno
628 1288 658 1346 et
677 1282 829 1347 Aristocle
851 1304 1015 1369 repugnare
1034 1282 1188 1362 videntur,
1209 1255 1357 1369 rectejam
1370 1288 1403 1347 et

425 1421 474 1485 alii
498 1420 685 1508 explicarunt
708 1427 738 1486 et
757 1422 815 1486 Ad.
834 1420 925 1486 Stahr
944 1421 962 1487 l.
983 1443 1007 1487 c.
1028 1444 1113 1507 quem
1135 1422 1300 1486 describere
1322 1422 1400 1486 nolo.

467 1676 540 1765 Peg.
565 1680 593 1741 3.
617 1677 686 1741 Liu.
711 1682 738 1742 9.
762 1676 830 1742 MS.
853 1676 943 1741 habet
970 1674 1205 1759 ἠκολούθησεν.
1223 1724 1230 1738 .
1247 1725 1255 1739 .
1272 1675 1399 1762 .με’χρι.

423 1815 537 1882 aaaron
562 1813 658 1879 atta.
813 1787 816 1793 '

467 2070 546 2135 Ibid.
569 2071 639 2134 Lin.
664 2074 713 2135 10.
737 2071 805 2133 Kal
827 2070 878 2134 ὃτι
899 2067 1043 2133 Πλάτων
1063 2071 1124 2151 μὲν
1143 2066 1265 2154 ἐτέχθη
1282 2095 1311 2131 κ.
1327 2094 1356 2133 τ.
1371 2073 1398 2132 e‘.

422 2209 566 2295 Pleraque
595 2207 818 2295 Chronologica
849 2210 1015 2274 rectissime
1044 2215 1146 2275 noster
1176 2216 1323 2275 recenset:
1347 2210 1400 2275 sed

423 2372 440 2411 a
470 2355 564 2413 morte
594 2347 730 2413 Platonis
753 2347 921 2434 Theophilo
944 2348 1087 2414 archonte
1108 2352 1177 2438 {ff}
1199 2374 1224 2415 a.
1248 2349 1282 2415 O.
1305 2372 1400 2435 usque

423 2485 460 2550 ad
485 2491 608 2551 mortem
633 2486 806 2552 Aristotelis
829 2485 966 2551 Philocle
988 2486 1134 2551 archonte
1152 2492 1220 2575 {st
1242 2510 1267 2552 a.
1284 2487 1319 2554 O.
1338 2510 1400 2553 non

421 2630 494 2689 sunt
524 2626 596 2690 anni
627 2624 752 2690 XXIII.
783 2624 835 2688 sed
867 2623 989 2690 XXVI.
1020 2624 1096 2690 Cirr.
1127 2624 1281 2691 Olintonis
1315 2627 1397 2692 Ilasti

422 2763 573 2828 Hellenioi
603 2765 635 2828 in
668 2764 830 2851 appendice
861 2786 888 2851 p.
912 2767 986 2829 378.
1011 2765 1045 2849 ¹).
1073 2764 1168 2843 Tum,
1193 2764 1397 2851 (quodetiam

421 2902 499 2989 apud
529 2903 604 2969 alios
638 2901 819 2991 biographos
850 2904 1007 2990 reperitur)
1040 2926 1189 2991 perperam
1219 2903 1400 2970 Aristoteles

422 3098 640 3106 n—-——--

459 3217 480 3281 ¹)
497 3214 525 3264 si
539 3214 589 3278 jam
608 3217 656 3264 tres
673 3214 725 3265 illos
740 3231 828 3275 anuos,
842 3214 942 3280 quihus,
958 3218 987 3264 ut
999 3214 1124 3281 biographi
1139 3216 1290 3276 fabulantur,
1305 3216 1398 3267 Aristo·

421 3333 478 3383 tales
501 3336 606 3383 moratus
631 3335 666 3382 est
683 3349 736 3382 cum
753 3334 862 3392 Socrate,
881 3332 951 3381 addas
967 3332 1035 3382 annis
1053 3333 1157 3392 XXIII,
1176 3333 1262 3397 quihus
1280 3333 1294 3381 ὁ
1317 3335 1398 3401 Ἀρι-

421 3449 548 3517 στοτέλης
570 3451 682 3515 ἐπέζησε
707 3448 850 3511 Πλάτωνι,
875 3465 990 3499 annorum
1013 3449 1097 3499 seriem
1114 3450 1230 3500 obtinebis
1248 3449 1350 3509 LXIII,
1369 3451 1399 3499 de

421 3568 506 3634 quibus
529 3568 635 3619 omnium
658 3571 694 3618 est
717 3583 851 3619 cousensus.
870 3596 904 3607 -
921 3570 1010 3618 Utres
1028 3567 1276 3634 probeiutelligutur‚
1297 3568 1342 3617 hoc
1361 3570 1397 3617 te·

421 3685 538 3747 nendum,
564 3684 713 3734 Aristotelem
733 3684 769 3734 bis
787 3687 956 3735 commoratum
974 3684 1046 3735 fuisse
1065 3684 1172 3734 Athenis.
1191 3685 1268 3734 Natus
1285 3685 1398 3734 archonte

423 3803 552 3868 Diotrephe
574 3801 721 3868 Olympiadis
745 3802 907 3852 LXXXXIX.
930 3819 992 3853 auno
1016 3803 1052 3852 1⁰.
1075 3781 1124 3852 sire
1140 3803 1190 3851 384
1206 3817 1228 3851 a.
1246 3802 1275 3851 O.
1293 3802 1397 3867 primurn

422 3922 527 3971 Athenas
551 3920 616 3969 veuit
638 3936 699 3971 anuo
721 3921 804 3971 aetatis
828 3937 883 3970 suaa
901 3921 975 3970 XVII
992 3921 1105 3970 archonte
1122 3919 1231 3984 Polyaelo
1248 3918 1397 3985 Olympiadis

422 4039 496 4088 OlII.
518 4054 579 4088 anuo
604 4040 640 4087 2⁰.
658 4054 677 4088 s.
696 4038 743 4091 367
762 4053 783 4087 a.
801 4038 830 4087 O.
849 4041 873 4087 et
888 4037 977 4088 mansit
993 4053 1035 4103 per
1051 4054 1126 4088 anuos
1143 4039 1187 4087 XX
1205 4053 1278 4101 usque
1295 4037 1324 4086 ad
1341 4036 1396 4086 Pla·

421 4156 485 4206 touis
501 4159 602 4205 mortem
618 4171 680 4205 anuo
698 4172 720 4205 a.
738 4156 766 4205 O.
786 4160 835 4222 {i}
853 4172 873 4205 o.
891 4155 1039 4222 Olympiadis
1057 4156 1154 4205 OVIII.
1171 4119 1396 4213 aunbl⁰.re12⁰.‚

423 4275 486 4322 certe
502 4273 615 4322 archonte
631 4271 771 4337 theophilo.
786 4271 866 4335 Igitur
880 4275 933 4322 tum
947 4272 1070 4322 Aristoteli
1084 4276 1147 4323 aetus
1156 4272 1396 4336 obtigeratanuorum

424 4388 559 4439 XXXVII:
583 4388 667 4454 quihus
690 4388 710 4438 si
732 4404 871 4439 annumeres
893 4405 967 4439 anuos
987 4390 1051 4439 iuter
1076 4390 1213 4440 archontem
1239 4389 1396 4455 Theophilum

423 4510 446 4557 ct
463 4506 593 4557 Philoclem
610 4507 762 4565 umbonum,
781 4506 880 4555 redeunt
896 4506 952 4556 anni
970 4507 1068 4557 LXIII.
