3417 5534
777 694 886 739 uorsa.
1274 676 1316 738 29

383 886 453 959 Quo
475 885 549 953 haee
572 886 672 952 omnia
695 886 879 975 pertineant,
902 884 1030 973 quisque
1052 886 1146 952 videt:
1168 885 1315 953 obtrecta-

337 1031 435 1091 torum
469 1031 499 1091 et
527 1025 698 1091 invidorum
729 1025 859 1091 insulsas
891 1025 1006 1091 fabulas
1037 1028 1208 1107 mittamus;
1238 1028 1318 1092 iuter

340 1164 494 1230 Platonem
527 1171 557 1231 et
583 1166 778 1231 Aristotelem
802 1166 965 1232 discidium
988 1166 1110 1253 aliquod
1132 1168 1225 1233 fuisse
1247 1188 1316 1255 pro·

339 1303 436 1370 babile
467 1309 527 1370 ost:
557 1327 613 1369 neo
642 1310 742 1371 tamen
765 1304 870 1371 odium
894 1311 946 1371 aut
968 1305 1082 1371 invidia
1105 1306 1257 1384 interfuit,
1282 1310 1317 1371 ot

312 1408 413 1509 ‚bene
445 1450 547 1510 noster
580 1444 765 1511 demonstrat
798 1468 835 1510 ex
869 1444 944 1532 ipsis
977 1444 1151 1510 Aristotelis
1186 1446 1316 1534 seriptis.

340 1583 461 1656 Quanta
491 1584 654 1650 reverentia
688 1589 718 1650 et
749 1583 935 1649 humanitate
965 1582 1015 1649 hio
1046 1583 1082 1649 de
1105 1585 1250 1673 magistro
1272 1584 1316 1650 lo-

339 1723 461 1810 quiturl
494 1722 594 1789 Ethic.
624 1723 744 1788 Nicom.
774 1724 801 1788 I.
833 1728 863 1788 4.
892 1723 928 1786 τό
952 1721 986 1787 δέ
1012 1720 1160 1787 καθόλου
1182 1722 1316 1810 βέλτιον

339 1860 415 1936 ἰ’σως
451 1860 698 1947 ἐπισκέψασθαι
735 1863 790 1925 καὶ
827 1860 1025 1947 διαπορῆσαι
1061 1864 1130 1937 πῶς
1165 1860 1314 1942 λέγεται,

341 2002 457 2087 καίπερ
481 2006 684 2088 προσόντονς
709 2008 764 2083 τῆς
788 2007 942 2085 τοιαύτης
963 2000 1121 2085 ζητήσεως
1142 2000 1316 2086 γινομένης

341 2139 396 2204 διὰ
427 2144 463 2205 τὸ
495 2139 610 2225 φίλους
639 2139 764 2227 ἄνδρας
797 2144 986 2219 εἰσαγαγεῖν
1019 2144 1059 2205 τὰ
1092 2140 1175 2225 εἴδη.
1213 2140 1316 2216 δόξειε

342 2278 427 2345 δ’ἃν
458 2279 534 2356 ἴσως
565 2278 697 2367 βέλτιον
731 2272 816 2345 εἶναι
849 2282 904 2344 καὶ
939 2279 1008 2346 δεῖν
1038 2282 1091 2344 ἐπὶ
1116 2280 1256 2365 σωτηρίᾳ
1280 2306 1315 2357 γε

341 2426 397 2502 τῆς
425 2418 586 2503 οἰληθείας
616 2422 671 2485 καὶ
702 2422 742 2484 τὰ
766 2422 872 2485 οἰκεῖα
896 2418 1046 2505 οἷναιρεῖν
1070 2418 1178 2494 ἄλλως
1202 2445 1235 2485 τε
1261 2420 1316 2483 καῖ

343 2558 536 2644 φιλοσόφους
567 2562 678 2635 ὄντας·
713 2558 835 2643 οἷμφοῖν
868 2562 929 2646 γὰρ
954 2562 1066 2625 ὄντοιν
1091 2557 1201 2643 φίλοιν
1225 2560 1316 2625 ὅσιον

342 2706 504 2785 προτιμᾶν
537 2705 595 2781 τὴν
625 2698 801 2781 ἀληθειαν.
827 2738 869 2749 -
893 2701 977 2767 Infra
999 2706 1100 2765 noster
1123 2706 1158 2766 ut
1180 2701 1319 2766 ostendat

342 2847 426 2927 grato
457 2862 528 2929 erga
558 2841 735 2928 magistrum
767 2842 867 2906 auimo
897 2841 1006 2915 fuisse¹
1021 2840 1215 2906 Aristotelem
1245 2840 1317 2906 haee

343 2981 440 3045 affert:
462 2980 577 3065 “εὶ’περ
599 2985 659 3065 γάρ
681 3005 731 3055 τις
749 2978 851 3055 ἄλλος
872 2981 1026 3064 φαίνεται
1043 2982 1061 3044 o‘
1077 2977 1316 3065 Ἀριστοτέλης

345 3119 656 3207 καταπεπληγμένος
673 3119 854 3201 Πλάτωνα,
874 3122 1045 3206 ἐπιγράφει
1063 3123 1124 3205 γὰρ
1138 3122 1183 3195 εἷς
1196 3119 1314 3198 αὐτόν,

387 3324 507 3405 Βωμόν
531 3294 770 3409 Ἀριστοτέλης
795 3321 948 3409 ῖδρόσατο
973 3321 1067 3389 τόνδε
1091 3320 1262 3401 Πλάτωνι,

343 3513 397 3575 καῖ
422 3510 567 3599 οἰλλαχοῦ
591 3514 664 3598 περὶ
689 3510 789 3576 αὐτοῦ
814 3512 925 3595 φησίν·

386 3700 545 3787 Ἀνδρός,
569 3703 607 3767 όν
632 3700 701 3765 οὐδ’
727 3704 834 3766 αἰνεῖν
860 3706 944 3764 τοῖσι
969 3706 1097 3763 κακοῖσι
1123 3698 1263 3783 θέμις.,,

385 3902 471 3975 Quae
500 3902 607 3968 melius
637 3901 781 3990 leguntur
811 3902 844 3967 iu
875 3902 1023 3967 Versioue
1052 3901 1090 3967 V.
1121 3901 1156 3966 L.
1184 3905 1214 3966 et
1237 3901 1315 3988 apud

341 4041 685 4120 Pseudo-Ammoniou,
707 4041 760 4107 illa
782 4039 886 4107 habet:
911 4050 1013 4107 “aram
1034 4040 1219 4106 consecravit
1236 4041 1264 4105 ei
1283 4041 1316 4106 iu

341 4204 400 4267 quo
422 4181 543 4268 scripsit
564 4181 622 4247 ita:

428 4374 520 4438 Aram
542 4369 720 4437 Aristoteles
742 4369 883 4436 fundavit
904 4368 982 4435 haue
1004 4368 1140 4435 Platonis

428 4511 512 4591 Viri,
535 4534 624 4598 quem
647 4533 709 4577 uou
731 4517 776 4577 est
798 4509 979 4576 conveniens
1001 4509 1088 4576 malis
1110 4508 1239 4576 laudare
