<?xml version="1.0" encoding="UTF-8"?>
<!DOCTYPE html PUBLIC "-//W3C//DTD XHTML 1.0 Transitional//EN"
    "http://www.w3.org/TR/xhtml1/DTD/xhtml1-transitional.dtd">
<html xmlns="http://www.w3.org/1999/xhtml" xml:lang="en" lang="en">
 <head>
  <title>
</title>
<meta http-equiv="Content-Type" content="text/html;charset=utf-8" />
  <meta name='ocr-system' content='tesseract 3.04.00' />
  <meta name='ocr-capabilities' content='ocr_page ocr_carea ocr_par ocr_line ocrx_word'/>
</head>
<body>
  <div class='ocr_page' id='page_1' title='image "./vitaaristotelis00hermgoog_0018.png"; bbox 0 0 3417 5534; ppageno 0'>
   <div class='ocr_carea' id='block_1_1' title="bbox 402 652 1008 701">
    <p class='ocr_par' dir='ltr' id='par_1_1' title="bbox 402 652 1008 701">
     <span class='ocr_line' id='line_1_1' title="bbox 402 652 1008 701; baseline 0.008 -5"><span class='ocrx_word' id='word_1_1' title='bbox 402 652 455 697; x_wconf 77' lang='lat' dir='ltr'><strong>xlv</strong></span> <span class='ocrx_word' id='word_1_2' title='bbox 778 654 1008 701; x_wconf 73' lang='lat' dir='ltr'><strong>renaseuntur.</strong></span> 
     </span>
    </p>
   </div>
   <div class='ocr_carea' id='block_1_2' title="bbox 397 845 1378 3021">
    <p class='ocr_par' dir='ltr' id='par_1_2' title="bbox 398 845 1378 1765">
     <span class='ocr_line' id='line_1_2' title="bbox 399 845 1378 935; baseline 0.001 -25"><span class='ocrx_word' id='word_1_3' title='bbox 399 846 499 911; x_wconf 87' lang='lat' dir='ltr'><strong>tikern</strong></span> <span class='ocrx_word' id='word_1_4' title='bbox 530 845 715 925; x_wconf 87' lang='lat' dir='ltr'><strong>bekannten‚</strong></span> <span class='ocrx_word' id='word_1_5' title='bbox 753 846 802 933; x_wconf 80' lang='grc' dir='ltr'><strong>(οὐ</strong></span> <span class='ocrx_word' id='word_1_6' title='bbox 839 846 970 934; x_wconf 80' lang='grc' dir='ltr'><strong><em>πολλοὶ)</em></strong></span> <span class='ocrx_word' id='word_1_7' title='bbox 1007 848 1141 935; x_wconf 83' lang='lat' dir='ltr'><strong>wenigen</strong></span> <span class='ocrx_word' id='word_1_8' title='bbox 1173 845 1294 913; x_wconf 83' lang='lat' dir='ltr'><strong>Biicher</strong></span> <span class='ocrx_word' id='word_1_9' title='bbox 1325 845 1378 911; x_wconf 73' lang='lat' dir='ltr'><strong>des</strong></span> 
     </span>
     <span class='ocr_line' id='line_1_3' title="bbox 399 984 1376 1073; baseline 0.001 -24"><span class='ocrx_word' id='word_1_10' title='bbox 399 985 526 1050; x_wconf 84' lang='lat' dir='ltr'><strong>Aristot.</strong></span> <span class='ocrx_word' id='word_1_11' title='bbox 557 985 621 1050; x_wconf 89' lang='lat' dir='ltr'><strong>und</strong></span> <span class='ocrx_word' id='word_1_12' title='bbox 651 984 800 1073; x_wconf 79' lang='lat' dir='ltr'><strong>Theophr.</strong></span> <span class='ocrx_word' id='word_1_13' title='bbox 830 986 963 1073; x_wconf 81' lang='lat' dir='ltr'><strong>benogen</strong></span> <span class='ocrx_word' id='word_1_14' title='bbox 995 987 1110 1052; x_wconf 83' lang='lat' dir='ltr'><strong>werden</strong></span> <span class='ocrx_word' id='word_1_15' title='bbox 1144 987 1261 1064; x_wconf 82' lang='lat' dir='ltr'><strong>kann„</strong></span> <span class='ocrx_word' id='word_1_16' title='bbox 1296 987 1376 1051; x_wconf 83' lang='lat' dir='ltr'><strong>&#39;Pum</strong></span> 
     </span>
     <span class='ocr_line' id='line_1_4' title="bbox 399 1122 1377 1192; baseline 0.006 -7"><span class='ocrx_word' id='word_1_17' title='bbox 399 1124 431 1186; x_wconf 91' lang='lat' dir='ltr'><strong>in</strong></span> <span class='ocrx_word' id='word_1_18' title='bbox 462 1129 534 1189; x_wconf 86' lang='lat' dir='ltr'><strong>uota</strong></span> <span class='ocrx_word' id='word_1_19' title='bbox 562 1123 600 1189; x_wconf 85' lang='lat' dir='ltr'><strong>ad</strong></span> <span class='ocrx_word' id='word_1_20' title='bbox 630 1122 659 1188; x_wconf 94' lang='lat' dir='ltr'><strong>h.</strong></span> <span class='ocrx_word' id='word_1_21' title='bbox 692 1124 712 1189; x_wconf 93' lang='lat' dir='ltr'><strong>l.</strong></span> <span class='ocrx_word' id='word_1_22' title='bbox 745 1124 841 1190; x_wconf 89' lang='lat' dir='ltr'><strong>bonus</strong></span> <span class='ocrx_word' id='word_1_23' title='bbox 872 1131 975 1190; x_wconf 87' lang='lat' dir='ltr'><strong>noster</strong></span> <span class='ocrx_word' id='word_1_24' title='bbox 997 1125 1088 1192; x_wconf 86' lang='lat' dir='ltr'><strong>Stahr</strong></span> <span class='ocrx_word' id='word_1_25' title='bbox 1110 1125 1215 1191; x_wconf 84' lang='lat' dir='ltr'><strong>addit:</strong></span> <span class='ocrx_word' id='word_1_26' title='bbox 1238 1125 1302 1189; x_wconf 88' lang='lat' dir='ltr'><strong>“In</strong></span> <span class='ocrx_word' id='word_1_27' title='bbox 1325 1126 1377 1191; x_wconf 88' lang='lat' dir='ltr'><strong>der</strong></span> 
     </span>
     <span class='ocr_line' id='line_1_5' title="bbox 399 1262 1376 1330; baseline 0.002 -4"><span class='ocrx_word' id='word_1_28' title='bbox 399 1262 478 1327; x_wconf 70' lang='lat' dir='ltr'><strong>Thai</strong></span> <span class='ocrx_word' id='word_1_29' title='bbox 512 1264 598 1327; x_wconf 84' lang='lat' dir='ltr'>weiss</span> <span class='ocrx_word' id='word_1_30' title='bbox 630 1262 680 1327; x_wconf 90' lang='lat' dir='ltr'><strong>ich</strong></span> <span class='ocrx_word' id='word_1_31' title='bbox 714 1262 778 1329; x_wconf 87' lang='lat' dir='ltr'><strong>hier</strong></span> <span class='ocrx_word' id='word_1_32' title='bbox 812 1264 869 1328; x_wconf 86' lang='lat' dir='ltr'><strong>den</strong></span> <span class='ocrx_word' id='word_1_33' title='bbox 900 1262 1044 1330; x_wconf 79' lang='lat' dir='ltr'><strong>Plutarch</strong></span> <span class='ocrx_word' id='word_1_34' title='bbox 1079 1264 1168 1330; x_wconf 83' lang='lat' dir='ltr'><strong>haum</strong></span> <span class='ocrx_word' id='word_1_35' title='bbox 1200 1264 1307 1329; x_wconf 84' lang='lat' dir='ltr'><strong>andeis</strong></span> <span class='ocrx_word' id='word_1_36' title='bbox 1338 1287 1376 1328; x_wconf 82' lang='lat' dir='ltr'><strong>nu</strong></span> 
     </span>
     <span class='ocr_line' id='line_1_6' title="bbox 398 1401 1377 1489; baseline -0.001 -23"><span class='ocrx_word' id='word_1_37' title='bbox 398 1401 604 1489; x_wconf 84' lang='lat' dir='ltr'><strong>vertheidigen</strong></span> <span class='ocrx_word' id='word_1_38' title='bbox 626 1401 689 1467; x_wconf 87' lang='lat' dir='ltr'><strong>und</strong></span> <span class='ocrx_word' id='word_1_39' title='bbox 712 1425 770 1468; x_wconf 91' lang='lat' dir='ltr'><strong>uns</strong></span> <span class='ocrx_word' id='word_1_40' title='bbox 794 1426 833 1467; x_wconf 88' lang='lat' dir='ltr'><strong>zu</strong></span> <span class='ocrx_word' id='word_1_41' title='bbox 852 1403 968 1480; x_wconf 80' lang='lat' dir='ltr'><strong>hellen,</strong></span> <span class='ocrx_word' id='word_1_42' title='bbox 987 1403 1032 1469; x_wconf 87' lang='lat' dir='ltr'><strong>als</strong></span> <span class='ocrx_word' id='word_1_43' title='bbox 1051 1403 1119 1469; x_wconf 86' lang='lat' dir='ltr'><strong>desa</strong></span> <span class='ocrx_word' id='word_1_44' title='bbox 1139 1402 1189 1469; x_wconf 86' lang='lat' dir='ltr'><strong>ich</strong></span> <span class='ocrx_word' id='word_1_45' title='bbox 1211 1402 1377 1468; x_wconf 85' lang='lat' dir='ltr'><strong>dieW0rte</strong></span> 
     </span>
     <span class='ocr_line' id='line_1_7' title="bbox 400 1538 1376 1627; baseline 0 -22"><span class='ocrx_word' id='word_1_46' title='bbox 400 1562 458 1605; x_wconf 87' lang='lat' dir='ltr'><strong>von</strong></span> <span class='ocrx_word' id='word_1_47' title='bbox 482 1538 537 1603; x_wconf 80' lang='grc' dir='ltr'><strong>διὰ</strong></span> <span class='ocrx_word' id='word_1_48' title='bbox 561 1541 597 1604; x_wconf 88' lang='grc' dir='ltr'><strong>τὸ</strong></span> <span class='ocrx_word' id='word_1_49' title='bbox 621 1542 677 1605; x_wconf 81' lang='grc' dir='ltr'><strong>τὸν</strong></span> <span class='ocrx_word' id='word_1_50' title='bbox 702 1539 843 1624; x_wconf 79' lang='grc' dir='ltr'><em>Νηλέως</em></span> <span class='ocrx_word' id='word_1_51' title='bbox 871 1541 918 1607; x_wconf 87' lang='lat' dir='ltr'><strong>bis</strong></span> <span class='ocrx_word' id='word_1_52' title='bbox 941 1540 1190 1627; x_wconf 70' lang='grc' dir='ltr'><strong>παραγενέσθαι</strong></span> <span class='ocrx_word' id='word_1_53' title='bbox 1213 1542 1264 1607; x_wconf 82' lang='lat' dir='ltr'><strong>fiir</strong></span> <span class='ocrx_word' id='word_1_54' title='bbox 1289 1541 1376 1606; x_wconf 82' lang='lat' dir='ltr'><strong>einen</strong></span> 
     </span>
     <span class='ocr_line' id='line_1_8' title="bbox 398 1680 838 1765; baseline 0.005 -22"><span class='ocrx_word' id='word_1_55' title='bbox 398 1684 535 1765; x_wconf 67' lang='lat' dir='ltr'><strong>spateren</strong></span> <span class='ocrx_word' id='word_1_56' title='bbox 557 1680 666 1746; x_wconf 82' lang='lat' dir='ltr'><strong>Zusata</strong></span> <span class='ocrx_word' id='word_1_57' title='bbox 693 1680 838 1759; x_wconf 67' lang='lat' dir='ltr'><strong>exulare„</strong></span> 
     </span>
    </p>

    <p class='ocr_par' dir='ltr' id='par_1_3' title="bbox 397 1816 1377 3021">
     <span class='ocr_line' id='line_1_9' title="bbox 444 1816 1374 1907; baseline 0 -25"><span class='ocrx_word' id='word_1_58' title='bbox 444 1816 529 1883; x_wconf 86' lang='lat' dir='ltr'><strong>Haec</strong></span> <span class='ocrx_word' id='word_1_59' title='bbox 566 1818 666 1884; x_wconf 87' lang='lat' dir='ltr'><strong>omnia</strong></span> <span class='ocrx_word' id='word_1_60' title='bbox 703 1818 780 1885; x_wconf 89' lang='lat' dir='ltr'><strong>levia</strong></span> <span class='ocrx_word' id='word_1_61' title='bbox 814 1825 887 1885; x_wconf 87' lang='lat' dir='ltr'><strong>sunl</strong></span> <span class='ocrx_word' id='word_1_62' title='bbox 920 1840 955 1884; x_wconf 89' lang='lat' dir='ltr'><strong>ac</strong></span> <span class='ocrx_word' id='word_1_63' title='bbox 990 1818 1203 1907; x_wconf 86' lang='lat' dir='ltr'>propemodum</span> <span class='ocrx_word' id='word_1_64' title='bbox 1238 1817 1374 1883; x_wconf 87' lang='lat' dir='ltr'><strong>ridicula.</strong></span> 
     </span>
     <span class='ocr_line' id='line_1_10' title="bbox 398 1956 1375 2045; baseline 0 -24"><span class='ocrx_word' id='word_1_65' title='bbox 398 1956 477 2023; x_wconf 89' lang='lat' dir='ltr'><strong>Nam</strong></span> <span class='ocrx_word' id='word_1_66' title='bbox 501 1957 598 2044; x_wconf 87' lang='lat' dir='ltr'><strong>primo</strong></span> <span class='ocrx_word' id='word_1_67' title='bbox 620 1958 745 2035; x_wconf 86' lang='lat' dir='ltr'><strong>obtutu,</strong></span> <span class='ocrx_word' id='word_1_68' title='bbox 770 1958 796 2022; x_wconf 93' lang='lat' dir='ltr'><strong>si</strong></span> <span class='ocrx_word' id='word_1_69' title='bbox 819 1959 888 2044; x_wconf 93' lang='lat' dir='ltr'><strong>quis</strong></span> <span class='ocrx_word' id='word_1_70' title='bbox 911 1957 968 2023; x_wconf 89' lang='lat' dir='ltr'><strong>hoc</strong></span> <span class='ocrx_word' id='word_1_71' title='bbox 990 1963 1073 2045; x_wconf 83' lang='lat' dir='ltr'><strong>aget,</strong></span> <span class='ocrx_word' id='word_1_72' title='bbox 1096 1957 1252 2023; x_wconf 75' lang='lat' dir='ltr'>Plutarchi</span> <span class='ocrx_word' id='word_1_73' title='bbox 1275 1957 1375 2022; x_wconf 89' lang='lat' dir='ltr'><strong>locum</strong></span> 
     </span>
     <span class='ocr_line' id='line_1_11' title="bbox 398 2096 1376 2183; baseline 0 -22"><span class='ocrx_word' id='word_1_74' title='bbox 398 2102 570 2183; x_wconf 85' lang='lat' dir='ltr'><strong>corruptum</strong></span> <span class='ocrx_word' id='word_1_75' title='bbox 602 2103 633 2162; x_wconf 88' lang='lat' dir='ltr'><strong>et</strong></span> <span class='ocrx_word' id='word_1_76' title='bbox 664 2098 836 2163; x_wconf 87' lang='lat' dir='ltr'><strong>mutilatum</strong></span> <span class='ocrx_word' id='word_1_77' title='bbox 860 2121 924 2163; x_wconf 84' lang='lat' dir='ltr'><strong>esse</strong></span> <span class='ocrx_word' id='word_1_78' title='bbox 946 2098 1068 2164; x_wconf 88' lang='lat' dir='ltr'><strong>videbit.</strong></span> <span class='ocrx_word' id='word_1_79' title='bbox 1100 2098 1183 2169; x_wconf 75' lang='lat' dir='ltr'><strong>Quid</strong></span> <span class='ocrx_word' id='word_1_80' title='bbox 1214 2096 1376 2171; x_wconf 81' lang='lat' dir='ltr'><strong>exciderit,</strong></span> 
     </span>
     <span class='ocr_line' id='line_1_12' title="bbox 397 2235 1377 2321; baseline 0.002 -23"><span class='ocrx_word' id='word_1_81' title='bbox 397 2235 460 2321; x_wconf 91' lang='lat' dir='ltr'><strong>ipsa</strong></span> <span class='ocrx_word' id='word_1_82' title='bbox 477 2235 630 2302; x_wconf 81' lang='lat' dir='ltr'><strong>indicante</strong></span> <span class='ocrx_word' id='word_1_83' title='bbox 653 2236 711 2302; x_wconf 88' lang='lat' dir='ltr'><strong>loci</strong></span> <span class='ocrx_word' id='word_1_84' title='bbox 734 2239 897 2315; x_wconf 88' lang='lat' dir='ltr'><strong>sententia,</strong></span> <span class='ocrx_word' id='word_1_85' title='bbox 916 2260 978 2303; x_wconf 92' lang='lat' dir='ltr'><strong>non</strong></span> <span class='ocrx_word' id='word_1_86' title='bbox 1000 2243 1047 2303; x_wconf 87' lang='lat' dir='ltr'><strong>eat</strong></span> <span class='ocrx_word' id='word_1_87' title='bbox 1069 2237 1230 2303; x_wconf 78' lang='lat' dir='ltr'><strong>admodum</strong></span> <span class='ocrx_word' id='word_1_88' title='bbox 1255 2236 1377 2302; x_wconf 85' lang='lat' dir='ltr'><strong>difficile</strong></span> 
     </span>
     <span class='ocr_line' id='line_1_13' title="bbox 398 2375 1375 2463; baseline 0.001 -25"><span class='ocrx_word' id='word_1_89' title='bbox 398 2376 533 2461; x_wconf 85' lang='lat' dir='ltr'><strong>reperire.</strong></span> <span class='ocrx_word' id='word_1_90' title='bbox 565 2376 746 2442; x_wconf 80' lang='lat' dir='ltr'><strong>Plutarchus</strong></span> <span class='ocrx_word' id='word_1_91' title='bbox 768 2378 801 2442; x_wconf 91' lang='lat' dir='ltr'><strong>in</strong></span> <span class='ocrx_word' id='word_1_92' title='bbox 824 2377 907 2443; x_wconf 91' lang='lat' dir='ltr'><strong>hunc</strong></span> <span class='ocrx_word' id='word_1_93' title='bbox 928 2378 989 2442; x_wconf 82' lang='lat' dir='ltr'><strong>lere</strong></span> <span class='ocrx_word' id='word_1_94' title='bbox 1010 2375 1132 2441; x_wconf 88' lang='lat' dir='ltr'><strong>modum</strong></span> <span class='ocrx_word' id='word_1_95' title='bbox 1154 2376 1309 2463; x_wconf 84' lang='lat' dir='ltr'><strong>scripsisse</strong></span> <span class='ocrx_word' id='word_1_96' title='bbox 1333 2376 1375 2439; x_wconf 85' lang='lat' dir='ltr'><strong>vi·</strong></span> 
     </span>
     <span class='ocr_line' id='line_1_14' title="bbox 398 2512 1375 2601; baseline 0 -24"><span class='ocrx_word' id='word_1_97' title='bbox 398 2512 501 2578; x_wconf 82' lang='lat' dir='ltr'><strong>detur:</strong></span> <span class='ocrx_word' id='word_1_98' title='bbox 531 2519 597 2579; x_wconf 82' lang='grc' dir='ltr'><strong>τῶν</strong></span> <span class='ocrx_word' id='word_1_99' title='bbox 630 2514 665 2579; x_wconf 77' lang='grc' dir='ltr'><strong>δὲ</strong></span> <span class='ocrx_word' id='word_1_100' title='bbox 692 2513 942 2601; x_wconf 83' lang='grc' dir='ltr'><strong><em>Ἀριστοτέλους</em></strong></span> <span class='ocrx_word' id='word_1_101' title='bbox 966 2516 1022 2578; x_wconf 86' lang='grc' dir='ltr'><strong>καί</strong></span> <span class='ocrx_word' id='word_1_102' title='bbox 1048 2516 1256 2599; x_wconf 73' lang='grc' dir='ltr'><strong><em>Θεοφράστου</em></strong></span> <span class='ocrx_word' id='word_1_103' title='bbox 1280 2536 1375 2591; x_wconf 87' lang='grc' dir='ltr'><strong><em>ουγ·</em></strong></span> 
     </span>
     <span class='ocr_line' id='line_1_15' title="bbox 398 2651 1374 2740; baseline 0 -25"><span class='ocrx_word' id='word_1_104' title='bbox 398 2658 655 2736; x_wconf 72' lang='grc' dir='ltr'><strong><em>γραμμάτων</em></strong></span> <span class='ocrx_word' id='word_1_105' title='bbox 690 2656 764 2740; x_wconf 90' lang='lat' dir='ltr'><strong>(non</strong></span> <span class='ocrx_word' id='word_1_106' title='bbox 795 2655 1007 2740; x_wconf 86' lang='grc' dir='ltr'><strong><em>γραμμάτων)</em></strong></span> <span class='ocrx_word' id='word_1_107' title='bbox 1040 2655 1113 2719; x_wconf 81' lang='grc' dir='ltr'><strong><em>οὔτε</em></strong></span> <span class='ocrx_word' id='word_1_108' title='bbox 1145 2651 1281 2727; x_wconf 81' lang='grc' dir='ltr'><em>πολλοῖς</em></span> <span class='ocrx_word' id='word_1_109' title='bbox 1305 2653 1374 2715; x_wconf 83' lang='grc' dir='ltr'><strong><em>οὔτ’</em></strong></span> 
     </span>
     <span class='ocr_line' id='line_1_16' title="bbox 398 2788 1375 2879; baseline 0 -27"><span class='ocrx_word' id='word_1_110' title='bbox 398 2788 541 2877; x_wconf 84' lang='grc' dir='ltr'><strong><em>οίκριβῶς</em></strong></span> <span class='ocrx_word' id='word_1_111' title='bbox 575 2791 823 2879; x_wconf 76' lang='grc' dir='ltr'><strong><em>(γεγραμμένοις</em></strong></span> <span class='ocrx_word' id='word_1_112' title='bbox 854 2791 1012 2879; x_wconf 76' lang='grc' dir='ltr'><strong><em>βιβλίοις)</em></strong></span> <span class='ocrx_word' id='word_1_113' title='bbox 1045 2794 1295 2879; x_wconf 73' lang='grc' dir='ltr'><strong><em>ἐντετυχηκότες</em></strong></span> <span class='ocrx_word' id='word_1_114' title='bbox 1319 2790 1375 2854; x_wconf 79' lang='grc' dir='ltr'><strong>διὰ</strong></span> 
     </span>
     <span class='ocr_line' id='line_1_17' title="bbox 398 2929 1376 3021; baseline 0 -28"><span class='ocrx_word' id='word_1_115' title='bbox 398 2930 434 2993; x_wconf 88' lang='grc' dir='ltr'><strong>τὸ</strong></span> <span class='ocrx_word' id='word_1_116' title='bbox 456 2934 513 2996; x_wconf 88' lang='grc' dir='ltr'><strong>τὸν</strong></span> <span class='ocrx_word' id='word_1_117' title='bbox 535 2929 675 3015; x_wconf 78' lang='grc' dir='ltr'><strong><em>Νηλέως</em></strong></span> <span class='ocrx_word' id='word_1_118' title='bbox 696 2941 751 2999; x_wconf 81' lang='grc' dir='ltr'><strong>τοῦ</strong></span> <span class='ocrx_word' id='word_1_119' title='bbox 770 2934 930 3018; x_wconf 79' lang='grc' dir='ltr'><strong><em>Σκηψίου</em></strong></span> <span class='ocrx_word' id='word_1_120' title='bbox 954 2931 1097 3019; x_wconf 80' lang='grc' dir='ltr'><strong><em>κλῆρον</em></strong></span> <span class='ocrx_word' id='word_1_121' title='bbox 1121 2932 1194 3021; x_wconf 87' lang='lat' dir='ltr'><strong>(non</strong></span> <span class='ocrx_word' id='word_1_122' title='bbox 1217 2929 1376 3017; x_wconf 90' lang='grc' dir='ltr'><strong><em>κληρόυο-</em></strong></span> 
     </span>
    </p>
   </div>
   <div class='ocr_carea' id='block_1_3' title="bbox 397 3068 1376 3158">
    <p class='ocr_par' dir='ltr' id='par_1_4' title="bbox 397 3057 1376 3158">
     <span class='ocr_line' id='line_1_18' title="bbox 397 3068 1376 3158; baseline 0.001 -25"><span class='ocrx_word' id='word_1_123' title='bbox 397 3068 487 3157; x_wconf 86' lang='grc' dir='ltr'><strong><em>μου),</em></strong></span> <span class='ocrx_word' id='word_1_124' title='bbox 512 3070 537 3156; x_wconf 68' lang='lat' dir='ltr'><strong>qt</strong></span> <span class='ocrx_word' id='word_1_125' title='bbox 562 3072 603 3133; x_wconf 84' lang='grc' dir='ltr'><strong>τοί</strong></span> <span class='ocrx_word' id='word_1_126' title='bbox 626 3068 743 3157; x_wconf 80' lang='grc' dir='ltr'><strong><em>βιβλία</em></strong></span> <span class='ocrx_word' id='word_1_127' title='bbox 763 3069 921 3136; x_wconf 77' lang='grc' dir='ltr'><strong><em>κατέλιπε</em></strong></span> <span class='ocrx_word' id='word_1_128' title='bbox 942 3073 1163 3158; x_wconf 82' lang='grc' dir='ltr'><strong><em>Θεόφραστος,</em></strong></span> <span class='ocrx_word' id='word_1_129' title='bbox 1188 3072 1233 3146; x_wconf 80' lang='grc' dir='ltr'><strong>εἷς</strong></span> <span class='ocrx_word' id='word_1_130' title='bbox 1255 3068 1376 3154; x_wconf 83' lang='grc' dir='ltr'><strong><em>οἰφιλο-</em></strong></span> 
     </span>
    </p>
   </div>
   <div class='ocr_carea' id='block_1_4' title="bbox 397 3207 1376 4561">
    <p class='ocr_par' dir='ltr' id='par_1_5' title="bbox 397 3207 1376 4561">
     <span class='ocr_line' id='line_1_19' title="bbox 398 3207 1374 3296; baseline -0.002 -25"><span class='ocrx_word' id='word_1_131' title='bbox 398 3208 512 3292; x_wconf 88' lang='grc' dir='ltr'><strong><em>τίμους</em></strong></span> <span class='ocrx_word' id='word_1_132' title='bbox 552 3208 608 3272; x_wconf 87' lang='grc' dir='ltr'><strong>καί</strong></span> <span class='ocrx_word' id='word_1_133' title='bbox 652 3207 786 3284; x_wconf 76' lang='grc' dir='ltr'><strong><em>ἰδιώτας</em></strong></span> <span class='ocrx_word' id='word_1_134' title='bbox 821 3208 1022 3296; x_wconf 72' lang='grc' dir='ltr'><strong><em>ἀνθρώπους</em></strong></span> <span class='ocrx_word' id='word_1_135' title='bbox 1057 3207 1374 3295; x_wconf 80' lang='grc' dir='ltr'><strong><em>περιγενέσθαι</em></strong></span> 
     </span>
     <span class='ocr_line' id='line_1_20' title="bbox 400 3346 1376 3437; baseline 0.001 -25"><span class='ocrx_word' id='word_1_136' title='bbox 400 3347 472 3436; x_wconf 88' lang='lat' dir='ltr'><strong>(non</strong></span> <span class='ocrx_word' id='word_1_137' title='bbox 496 3346 770 3437; x_wconf 81' lang='grc' dir='ltr'><strong><em>παραγενέσθαι).</em></strong></span> <span class='ocrx_word' id='word_1_138' title='bbox 795 3349 978 3417; x_wconf 81' lang='lat' dir='ltr'><strong>Plutarchus</strong></span> <span class='ocrx_word' id='word_1_139' title='bbox 1000 3357 1101 3416; x_wconf 85' lang='lat' dir='ltr'><strong>narrat</strong></span> <span class='ocrx_word' id='word_1_140' title='bbox 1120 3354 1233 3417; x_wconf 85' lang='lat' dir='ltr'><strong>veteres</strong></span> <span class='ocrx_word' id='word_1_141' title='bbox 1252 3348 1376 3435; x_wconf 82' lang='lat' dir='ltr'><strong>Peripa·</strong></span> 
     </span>
     <span class='ocr_line' id='line_1_21' title="bbox 398 3486 1375 3576; baseline 0.001 -24"><span class='ocrx_word' id='word_1_142' title='bbox 398 3489 506 3553; x_wconf 80' lang='lat' dir='ltr'><strong>helices</strong></span> <span class='ocrx_word' id='word_1_143' title='bbox 528 3486 672 3554; x_wconf 87' lang='lat' dir='ltr'><strong>librorum</strong></span> <span class='ocrx_word' id='word_1_144' title='bbox 703 3489 880 3555; x_wconf 88' lang='lat' dir='ltr'><strong>Aristotelis</strong></span> <span class='ocrx_word' id='word_1_145' title='bbox 909 3493 940 3555; x_wconf 83' lang='lat' dir='ltr'><strong>ct</strong></span> <span class='ocrx_word' id='word_1_146' title='bbox 963 3488 1162 3576; x_wconf 76' lang='lat' dir='ltr'><strong>Theophrasti</strong></span> <span class='ocrx_word' id='word_1_147' title='bbox 1181 3510 1286 3574; x_wconf 83' lang='grc' dir='ltr'><strong><em>μουοο</em></strong></span> <span class='ocrx_word' id='word_1_148' title='bbox 1308 3493 1375 3553; x_wconf 90' lang='lat' dir='ltr'><strong>tan·</strong></span> 
     </span>
     <span class='ocr_line' id='line_1_22' title="bbox 397 3628 1376 3715; baseline -0.002 -22"><span class='ocrx_word' id='word_1_149' title='bbox 397 3634 461 3694; x_wconf 88' lang='lat' dir='ltr'><strong>tum</strong></span> <span class='ocrx_word' id='word_1_150' title='bbox 494 3628 672 3715; x_wconf 85' lang='lat' dir='ltr'><strong>exemplaria</strong></span> <span class='ocrx_word' id='word_1_151' title='bbox 702 3650 797 3715; x_wconf 79' lang='grc' dir='ltr'><strong><em>υοηκι</em></strong></span> <span class='ocrx_word' id='word_1_152' title='bbox 827 3651 865 3694; x_wconf 81' lang='grc' dir='ltr'><strong>ιο</strong></span> <span class='ocrx_word' id='word_1_153' title='bbox 894 3629 1057 3713; x_wconf 72' lang='grc' dir='ltr'><strong><em>ᾱίίίηικία</em></strong></span> <span class='ocrx_word' id='word_1_154' title='bbox 1087 3630 1241 3714; x_wconf 76' lang='lat' dir='ltr'><strong>descripta</strong></span> <span class='ocrx_word' id='word_1_155' title='bbox 1271 3632 1376 3692; x_wconf 89' lang='lat' dir='ltr'><strong>nactos</strong></span> 
     </span>
     <span class='ocr_line' id='line_1_23' title="bbox 397 3766 1374 3854; baseline -0.002 -21"><span class='ocrx_word' id='word_1_156' title='bbox 397 3790 475 3846; x_wconf 87' lang='lat' dir='ltr'><strong>esse,</strong></span> <span class='ocrx_word' id='word_1_157' title='bbox 506 3769 597 3854; x_wconf 90' lang='lat' dir='ltr'><strong>idque</strong></span> <span class='ocrx_word' id='word_1_158' title='bbox 625 3769 740 3835; x_wconf 82' lang='lat' dir='ltr'><strong>factum</strong></span> <span class='ocrx_word' id='word_1_159' title='bbox 769 3792 833 3835; x_wconf 84' lang='lat' dir='ltr'><strong>esse</strong></span> <span class='ocrx_word' id='word_1_160' title='bbox 863 3769 981 3835; x_wconf 88' lang='lat' dir='ltr'><strong>incuria</strong></span> <span class='ocrx_word' id='word_1_161' title='bbox 1003 3768 1159 3835; x_wconf 89' lang='lat' dir='ltr'><strong>hominum</strong></span> <span class='ocrx_word' id='word_1_162' title='bbox 1182 3766 1374 3834; x_wconf 83' lang='lat' dir='ltr'><strong>indoctorum</strong></span> 
     </span>
     <span class='ocr_line' id='line_1_24' title="bbox 398 3907 1374 3994; baseline -0.002 -21"><span class='ocrx_word' id='word_1_163' title='bbox 398 3907 435 3973; x_wconf 89' lang='lat' dir='ltr'><strong>ad</strong></span> <span class='ocrx_word' id='word_1_164' title='bbox 469 3931 545 3994; x_wconf 80' lang='lat' dir='ltr'><strong>quoa</strong></span> <span class='ocrx_word' id='word_1_165' title='bbox 579 3932 612 3974; x_wconf 86' lang='lat' dir='ltr'><strong>aa</strong></span> <span class='ocrx_word' id='word_1_166' title='bbox 646 3909 795 3975; x_wconf 87' lang='lat' dir='ltr'><strong>hereditas</strong></span> <span class='ocrx_word' id='word_1_167' title='bbox 826 3910 1003 3977; x_wconf 82' lang='lat' dir='ltr'><strong>devenisset.</strong></span> <span class='ocrx_word' id='word_1_168' title='bbox 1035 3909 1167 3976; x_wconf 77' lang='lat' dir='ltr'><strong>&#39;Fabulae</strong></span> <span class='ocrx_word' id='word_1_169' title='bbox 1201 3907 1374 3975; x_wconf 84' lang='lat' dir='ltr'><strong>testamenti</strong></span> 
     </span>
     <span class='ocr_line' id='line_1_25' title="bbox 398 4046 1375 4139; baseline 0 -27"><span class='ocrx_word' id='word_1_170' title='bbox 398 4046 613 4135; x_wconf 75' lang='lat' dir='ltr'><strong>Theophrastei</strong></span> <span class='ocrx_word' id='word_1_171' title='bbox 636 4055 756 4117; x_wconf 85' lang='lat' dir='ltr'><strong>exstant</strong></span> <span class='ocrx_word' id='word_1_172' title='bbox 778 4050 857 4139; x_wconf 86' lang='lat' dir='ltr'><strong>apud</strong></span> <span class='ocrx_word' id='word_1_173' title='bbox 885 4051 1054 4139; x_wconf 83' lang='lat' dir='ltr'><strong>Diogenem</strong></span> <span class='ocrx_word' id='word_1_174' title='bbox 1074 4050 1229 4117; x_wconf 68' lang='lat' dir='ltr'><strong>Laertinm</strong></span> <span class='ocrx_word' id='word_1_175' title='bbox 1254 4048 1292 4117; x_wconf 90' lang='lat' dir='ltr'><strong>V.</strong></span> <span class='ocrx_word' id='word_1_176' title='bbox 1316 4052 1375 4115; x_wconf 83' lang='lat'><strong>51:</strong></span> 
     </span>
     <span class='ocr_line' id='line_1_26' title="bbox 397 4188 1375 4282; baseline 0.002 -29"><span class='ocrx_word' id='word_1_177' title='bbox 397 4189 435 4254; x_wconf 84' lang='lat' dir='ltr'><strong>de</strong></span> <span class='ocrx_word' id='word_1_178' title='bbox 457 4188 543 4254; x_wconf 84' lang='lat' dir='ltr'><strong>libris</strong></span> <span class='ocrx_word' id='word_1_179' title='bbox 566 4190 629 4256; x_wconf 82' lang='lat' dir='ltr'><strong>suis</strong></span> <span class='ocrx_word' id='word_1_180' title='bbox 659 4192 733 4277; x_wconf 90' lang='lat' dir='ltr'><strong>quid</strong></span> <span class='ocrx_word' id='word_1_181' title='bbox 763 4193 902 4259; x_wconf 83' lang='lat' dir='ltr'><strong>statuerit</strong></span> <span class='ocrx_word' id='word_1_182' title='bbox 931 4192 1081 4282; x_wconf 63' lang='lat' dir='ltr'><strong>legiturh</strong></span> <span class='ocrx_word' id='word_1_183' title='bbox 1105 4198 1165 4261; x_wconf 79' lang='lat'><strong>52:</strong></span> <span class='ocrx_word' id='word_1_184' title='bbox 1189 4192 1225 4256; x_wconf 87' lang='grc' dir='ltr'><strong>τὸ</strong></span> <span class='ocrx_word' id='word_1_185' title='bbox 1249 4188 1284 4253; x_wconf 78' lang='grc' dir='ltr'><strong>δὲ</strong></span> <span class='ocrx_word' id='word_1_186' title='bbox 1311 4215 1375 4276; x_wconf 79' lang='grc' dir='ltr'><strong>χω-</strong></span> 
     </span>
     <span class='ocr_line' id='line_1_27' title="bbox 399 4329 1372 4420; baseline 0.004 -28"><span class='ocrx_word' id='word_1_187' title='bbox 399 4329 469 4414; x_wconf 87' lang='grc' dir='ltr'><strong><em>ρίον</em></strong></span> <span class='ocrx_word' id='word_1_188' title='bbox 488 4333 524 4394; x_wconf 87' lang='grc' dir='ltr'><strong>τὸ</strong></span> <span class='ocrx_word' id='word_1_189' title='bbox 543 4331 578 4396; x_wconf 80' lang='grc' dir='ltr'><strong>ἐν</strong></span> <span class='ocrx_word' id='word_1_190' title='bbox 596 4333 793 4419; x_wconf 70' lang='grc' dir='ltr'><strong><em>Σταγείροις</em></strong></span> <span class='ocrx_word' id='word_1_191' title='bbox 811 4339 888 4415; x_wconf 75' lang='grc' dir='ltr'><strong><em>η’μῒν</em></strong></span> <span class='ocrx_word' id='word_1_192' title='bbox 906 4334 1053 4420; x_wconf 79' lang='grc' dir='ltr'><strong><em>ὑπάρχον</em></strong></span> <span class='ocrx_word' id='word_1_193' title='bbox 1067 4331 1183 4418; x_wconf 78' lang='grc' dir='ltr'><strong><em>δίδωμι</em></strong></span> <span class='ocrx_word' id='word_1_194' title='bbox 1196 4329 1372 4413; x_wconf 79' lang='grc' dir='ltr'><strong><em>Καλλίνῳ,</em></strong></span> 
     </span>
     <span class='ocr_line' id='line_1_28' title="bbox 400 4468 1057 4561; baseline 0.014 -29"><span class='ocrx_word' id='word_1_195' title='bbox 400 4473 449 4533; x_wconf 85' lang='grc' dir='ltr'><strong>τὰ</strong></span> <span class='ocrx_word' id='word_1_196' title='bbox 480 4468 522 4535; x_wconf 77' lang='grc' dir='ltr'><strong>δὲ</strong></span> <span class='ocrx_word' id='word_1_197' title='bbox 554 4472 709 4561; x_wconf 89' lang='grc' dir='ltr'><strong><em>βιβλία</em></strong></span> <span class='ocrx_word' id='word_1_198' title='bbox 738 4481 876 4541; x_wconf 88' lang='grc' dir='ltr'><strong><em>πάντα</em></strong></span> <span class='ocrx_word' id='word_1_199' title='bbox 908 4474 1057 4560; x_wconf 86' lang='grc' dir='ltr'><strong><em>Νηλεῖ.</em></strong></span> 
     </span>
    </p>
   </div>
   <div class='ocr_carea' id='block_1_5' title="bbox 0 0 1714 5534">
    <p class='ocr_par' dir='ltr' id='par_1_6' title="bbox 0 0 1714 5534">
     <span class='ocr_line' id='line_1_29' title="bbox 0 0 1714 5534; baseline 0 0"><span class='ocrx_word' id='word_1_200' title='bbox 0 0 1714 5534; x_wconf 95' lang='lat' dir='ltr'><strong> </strong></span> 
     </span>
    </p>
   </div>
  </div>
 </body>
</html>
