3417 5534
391 689 432 750 tt
826 704 936 750 norun.
1006 705 1013 717 ·

388 895 550 961 Ammonio
572 893 690 961 addidit
713 894 749 958 τὸ
774 894 1056 972 commendaticiae,
1081 894 1188 980 “quod
1211 894 1243 959 in
1259 893 1369 959 Vetere

387 1033 534 1099 Translat.
558 1033 782 1099 desiderabatur
790 1057 820 1111 „z
845 1033 924 1121 apud
948 1031 1094 1098 Buhlium
1116 1033 1149 1096 in
1170 1031 1237 1097 Vet.
1250 1030 1368 1096 Transl.

389 1174 425 1236 τὸ
457 1173 721 1238 commendaticiae
749 1194 854 1237 rursus
882 1172 1027 1237 omissum
1058 1176 1121 1249 est,
1148 1176 1179 1237 et
1202 1176 1280 1236 reete
1301 1171 1370 1257 qui·

387 1309 470 1387 dem,
500 1315 535 1375 ut
562 1332 644 1375 nune
675 1310 803 1387 scinne,
835 1332 904 1374 unm
938 1331 1035 1394 neque
1064 1309 1097 1372 iu
1128 1309 1243 1373 Graeca
1265 1314 1368 1372 nostru

389 1448 501 1535 legitur
531 1450 738 1527 συστατικαὶ,
772 1453 807 1514 ut
839 1448 920 1535 apud
951 1447 1185 1514 Pseudo-Amm.
1216 1469 1269 1512 seu
1291 1445 1372 1535 ¹Phi·

389 1586 543 1674 loponum.

435 1863 507 1951 Pag.
531 1866 582 1928 94.
613 1862 662 1928 Ad
694 1862 760 1928 illu:
794 1862 926 1948 Scripsit
950 1861 1126 1927 Atccaadra
1149 1860 1257 1926 libram
1279 1883 1372 1926 amam

391 2004 429 2067 de
458 2024 564 2087 reama,
597 2001 706 2067 iterum
737 2001 930 2067 Nunnesius:
964 1999 1108 2065 “restitui
1140 1998 1176 2061 τὸ
1208 2022 1302 2064 amam
1334 2021 1371 2063 ex

392 2140 507 2206 Graeca
548 2140 622 2206 Vita
659 2138 783 2229 (Amm.)
819 2138 870 2204 ubi
907 2140 942 2203 ἐν
982 2141 1032 2202 ἑνὶ
1070 2135 1259 2224 μονοβίβλῳ
1298 2138 1370 2221 περὶ

393 2276 563 2365 βασιλείας
594 2279 746 2367 legitur„:
778 2279 837 2344 Sed
870 2300 967 2364 neque
998 2277 1034 2342 ἓν
1065 2277 1179 2365 legitur
1205 2278 1237 2342 in
1260 2277 1374 2342 Graeca

394 2424 504 2484 nostru.

438 2694 511 2783 Peg.
536 2698 587 2761 95.
610 2694 729 2761 Jaaeme
751 2700 853 2760 autem
877 2695 1026 2759 eanteate
1048 2730 1092 2742 -
1111 2700 1141 2759 et
1159 2693 1242 2759 alteo
1262 2693 1373 2759 antici·

389 2842 486 2921 patim
518 2873 561 2883 -
592 2834 643 2900 hie
673 2833 758 2900 loeus
789 2840 868 2900 reete
895 2857 912 2900 a
942 2833 1102 2899 Nunuesio
1124 2832 1321 2921 perobscurus
1344 2838 1374 2899 et

393 2973 542 3040 mendacii
573 2978 729 3061 suspectus
757 2969 896 3041 vocatur:
927 2973 986 3038 Sed
1008 2972 1140 3039 Buhlius
1163 2972 1250 3039 haee:
1273 2980 1304 3038 et
1325 2974 1373 3038 ai·

396 3118 443 3178 tra
466 3114 666 3199 anticipatur,
691 3114 737 3180 nti
760 3114 849 3179 etiam
869 3113 901 3178 in
921 3113 980 3177 fine
998 3113 1115 3178 Ptama
1132 3113 1220 3179 uncis
1232 3112 1374 3186 inclusit.

393 3252 439 3317 uti
473 3257 503 3317 et
532 3274 604 3330 nos,
636 3253 689 3337 qui
719 3253 751 3318 in
775 3251 890 3317 edenda
919 3250 1068 3317 Versione
1099 3251 1137 3314 V.
1159 3252 1195 3317 L.
1226 3250 1372 3317 Buhlium

395 3390 490 3457 secuti
514 3412 629 3456 sumus.

439 3670 512 3756 Peg.
545 3672 617 3735 123.
649 3669 782 3734 Addidit
805 3676 906 3734 antem
925 3668 1142 3754 pditocapdiae
1163 3669 1273 3753 plara,
1297 3691 1375 3754 qaae

395 3809 462 3895 ipse
485 3809 611 3873 inuenit.
644 3808 749 3872 Nuun.
781 3806 960 3894 “legebatur
981 3805 1014 3871 in
1037 3807 1076 3871 V.
1100 3808 1135 3871 Τ.
1159 3807 1267 3892 eleqit,
1290 3807 1373 3892 quasi

398 3948 511 4012 Graece
545 3947 693 4034 legeretur
726 3948 836 4031 ᾕρηκε,
874 3968 927 4032 pro
960 3967 1020 4030 quo
1050 3967 1106 4031 ego
1136 3945 1227 4011 malui
1262 3946 1372 4030 εὕρηκε

397 4086 520 4150 minime
561 4086 743 4163 mutatione,
782 4088 873 4170 atque
909 4085 953 4149 itu
986 4086 1105 4171 reposui
1140 4086 1291 4164 inuenit„
1327 4086 1375 4150 Ex

398 4224 511 4289 Graece
533 4229 636 4289 nostre
654 4224 752 4289 diseas
770 4229 800 4289 et
816 4224 1010 4311 interpretem
1027 4222 1167 4289 habuisse
1178 4222 1374 4298 ἅνελέξατοι

397 4364 498 4449 itaque
528 4364 621 4447 eiecit
650 4386 712 4429 non
743 4363 921 4429 mutandum
951 4368 1005 4429 est,
1037 4363 1118 4429 Dein
1148 4364 1295 4451 interpres
1317 4365 1376 4429 for·

398 4506 478 4565 tasse
501 4501 591 4566 vertit
614 4523 675 4566 non
697 4524 775 4587 qaae
797 4502 849 4567 sed
872 4524 961 4587 qaam
984 4524 1062 4588 qaae
1084 4502 1185 4587 eiecit.
