3417 5534
787 670 806 729 ό

331 877 455 941 λιππον
483 880 682 961 γράμμασιν,
713 875 756 949 ὥς
775 874 992 961 Ἀθηναίους
1010 877 1047 943 έν
1068 883 1110 962 τῇ
1132 877 1307 964 ἀκροπόλει

331 1014 515 1102 ἀνδριάντα
551 1013 639 1099 αὐτῷ
675 1012 869 1081 ἀναθεῖναι.
906 1016 987 1081 Ἵνα
1023 1015 1056 1081 δέ
1093 1020 1148 1082 καί
1180 1023 1308 1094 πάντας

331 1154 530 1240 ἀνθρώπους
562 1152 764 1239 εόεργετηση,
798 1160 914 1241 γράφει
944 1160 989 1239 τῷ
1014 1154 1232 1244 Ἀλεξάνδρῳ
1254 1160 1309 1245 βι-

331 1292 426 1380 βλίον
458 1295 530 1378 περί
563 1290 745 1379 βασιλείας,
779 1292 942 1358 διδάσκων
970 1296 1056 1369 ὅπως
1080 1293 1333 1382 βασιλευτέον,

330 1434 408 1517 ὅπερ
433 1432 533 1506 οὕτως
559 1430 695 1516 έδρασεν
721 1434 764 1506 εἷς
789 1436 849 1513 τὴν
873 1432 1105 1518 Ἀλεξάνδρου
1122 1439 1248 1520 ψυχὴν,
1266 1438 1309 1511 ὥς

229 1626 231 1631 ,
332 1570 454 1651 λέγειν,
487 1572 539 1635 ότε
569 1574 611 1653 μὴ
637 1568 783 1655 ὠφέλησέ
808 1596 898 1636 τινα·
926 1577 1089 1658 “ση’μερον
1114 1571 1171 1636 οὐκ
1197 1574 1310 1660 ἐβασί-

333 1709 444 1789 λευσα,
477 1708 598 1775 οὐδένα
622 1712 683 1795 γάρ
708 1700 745 1774 εὖ
766 1704 946 1794 έποίησα·,,
971 1712 1049 1796 ὅπερ
1073 1711 1145 1776 ἰ’σον
1170 1710 1237 1775 ἔστί
1264 1720 1308 1797 τῷ

332 1851 509 1936 ἐπιχωρίως
534 1848 698 1949 λεγομένῳ
722 1846 776 1912 έπί
802 1852 868 1915 τῶν
894 1851 946 1913 ἐπ’
970 1848 1084 1929 ὀλίγον
1105 1850 1310 1936 ἀρρωστοιίν-

332 2014 410 2068 των,
435 1992 525 2053 τοῦτ’
550 1986 639 2054 ἔστιν
662 1988 819 2073 ἔφη’μερον
841 1991 951 2067 νόσον,
977 1992 1093 2075 (ίπαρά
1110 1992 1231 2072 μίαν·,,
1255 1989 1310 2055 διά

336 2128 430 2212 ΓγάρἸ
457 2128 493 2191 τό
516 2132 558 2209 μη
583 2133 716 2208 ποιῆσαι
742 2130 801 2208 την
825 2125 949 2211 ἡμέραν
971 2125 1101 2211 ἐκείνην
1121 2131 1179 2203 τάς
1198 2129 1311 2207 ὑγιαι-

334 2268 458 2331 νόντων
492 2263 685 2350 εὐεργεσίας.
712 2265 925 2347 Ἀκμάσαντι
953 2263 987 2329 δέ
1011 2264 1230 2351 Ἀλεξάνδρῳ
1255 2270 1310 2331 καί

334 2406 623 2491 έπιστρατειίσαντι
645 2408 730 2467 κατά
748 2407 887 2490 Περσῶν
908 2402 1123 2485 συνεξῆλθεν,
1143 2404 1217 2469 οὐδέ
1238 2410 1310 2473 τότε

335 2547 419 2636 χτοῦ,
444 2542 634 2627 φιλοσοφεῖν
658 2542 893 2630 ἀποσχόμενος·
920 2547 980 2626 τὴν
998 2546 1058 2629 γάρ
1079 2544 1225 2630 ἱστορίαν
1243 2550 1310 2611 τῶν

333 2682 508 2750 πολιτειῶν
537 2687 609 2749 τότε
642 2681 805 2763 συνέλεξε,
842 2684 897 2747 καί
925 2681 1080 2767 μέλλοντι
1111 2682 1311 2770 συμβάλλειν

333 2828 377 2908 τῷ
406 2827 559 2909 Περσικῷ
587 2820 718 2907 πολέμῳ
747 2820 809 2906 έφη
837 2823 878 2885 τά
906 2821 999 2886 α’ίσια
1030 2821 1202 2900 γενέσθαι·
1233 2825 1253 2888 ό
1275 2823 1310 2888 δέ

333 2968 374 3047 μὴ
410 2965 558 3037 πεισθείς
594 2959 767 3049 συνέβαλε,
805 2962 861 3025 καί
898 2958 1116 3044 ἐτελεύτησεν.
1156 2964 1220 3025 Καί
1251 2962 1310 3049 οὐχ

334 3091 432 3184 ἧττον
457 3101 491 3166 δέ
517 3105 583 3167 τῶν
609 3107 812 3184 φθασάντων
836 3098 1015 3187 βασιλέων,
1036 3101 1224 3184 Ἀμύντου,
1247 3105 1311 3166 Φι-

334 3240 471 3321 λίππου,
506 3232 742 3323 Ὀλυμπιάδος,
772 3238 1017 3324 Ἀλεξάνδρου,
1042 3239 1272 3325 Ἀντίπατρος
1295 3243 1314 3304 ό

335 3378 566 3463 διαδεξάμενος
590 3382 650 3461 τὴν
675 3377 907 3463 Ἀλεξάνδρου
931 3376 1117 3464 βασιλείαν,
1144 3376 1199 3443 διά
1219 3385 1311 3467 τιμῆς

335 3512 398 3605 εἶχε
430 3522 487 3584 τόν
520 3515 776 3603 Ἀριστοτέλην.
803 3519 870 3580 Τοῦ
896 3516 930 3581 δέ
955 3517 1177 3583 Σπευσίππου
1198 3516 1312 3583 τελευ-

335 3655 506 3737 τήσάντος,
543 3656 575 3721 οἱ
608 3656 673 3720 ἀπό
709 3662 765 3738 τῆς
802 3654 919 3741 σχολῆς
952 3653 1223 3738 μεταπέμπονται
1253 3660 1312 3723 τόν

335 3794 590 3882 Ἀριστοτέλην,
625 3797 678 3859 καὶ
711 3792 924 3881 διαδέχονται
949 3793 1053 3876 αὐτην
1079 3793 1175 3870 αὐτός
1199 3821 1232 3860 τε
1258 3798 1313 3860 καί

335 3934 542 4021 Ξενοκράτης
567 3932 831 4020 σωφρονέστατα·
857 3936 913 3999 καί
937 3932 1178 4019 Ἀριστοτέλης
1195 3936 1255 4017 μέν
1277 3936 1313 4000 έν

334 4074 479 4156 Λυκείῳ,
511 4070 720 4158 Ξενοκράτης
753 4072 787 4137 δέ
819 4075 854 4137 έν
886 4070 1233 4156 Ἀκαδημείᾳ,’έ’νθα
1257 4075 1313 4137 καί

335 4209 479 4277 Πλάτων
501 4210 686 4277 ἐπαίδευεν.
710 4210 756 4276 Οὐ
778 4215 839 4298 γάρ
861 4212 904 4287 ὥς
917 4209 1151 4297 Ἀριστόξενος
1164 4211 1312 4296 ὕστερον,

333 4349 516 4425 Πλάτωνος
549 4349 671 4426 ζῶντος
705 4352 759 4415 καί
785 4352 820 4416 ἐν
846 4348 1060 4434 Ἀκαδημείᾳ
1083 4348 1312 4430 παιδειίοντος,

334 4486 604 4572 ἀντῳκοδόμησεν
636 4492 654 4550 0‘
686 4486 925 4571 Ἀριστοτέλης
961 4490 997 4551 τό
1028 4489 1182 4552 Λιίκειον.
1208 4487 1314 4571 Ιδίπερ
