3417 5534
771 660 882 705 σοσοσ.
1276 643 1319 705 53

382 852 456 939 Pag.
482 854 554 917 127.
578 850 628 917 Ad
651 849 718 916 illa:
738 850 959 936 Philosophiae
979 857 1082 914 eutem
1103 850 1224 913 addidit
1236 851 1321 935 quin·

339 998 404 1057 tem
434 992 609 1066 essentiam,
639 988 712 1054 haee
740 993 785 1054 est
807 987 959 1052 Nunnesii
983 991 1069 1052 nota:
1093 985 1174 1051 “hoe
1196 986 1264 1051 loeo
1286 987 1319 1051 in

340 1130 454 1194 Graeca
469 1126 543 1192 vita
563 1128 675 1210 (Amm.
688 1150 710 1191 s.
723 1125 857 1212 Philop.)
875 1124 988 1213 legitur
1000 1124 1100 1189 verius
1111 1124 1265 1211 Physicae
1276 1162 1320 1172 —

339 1269 465 1334 fortasse
494 1266 648 1353 legebatur
678 1264 848 1352 Physieae,
879 1269 909 1329 et
932 1286 969 1329 ex
993 1262 1169 1350 compendio
1191 1264 1321 1350 seriptu-

340 1428 388 1472 τσο
415 1404 548 1470 manavit
570 1425 666 1480 error,
698 1408 749 1467 aut
772 1402 852 1488 quod
876 1402 983 1468 melius
1006 1402 1239 1489 Ρλφιὶολοφὶοο,
1263 1424 1323 1487 quo

342 1544 430 1609 verbo
460 1544 558 1610 utitur
587 1542 630 1608 M.
654 1542 811 1620 Tullius„
832 1543 1014 1607 Rectissime
1036 1542 1231 1623 Nunnesius3
1253 1565 1322 1608 nam

340 1686 373 1750 in
396 1684 510 1749 Graeca
533 1687 638 1748 nostra
660 1688 700 1764 τῇ
725 1679 759 1743 δὲ
785 1678 992 1763 φυσιολογίᾳ.

385 1960 459 2048 Pag.
484 1962 556 2025 163.
579 1957 629 2024 Ad
654 1955 721 2023 illa:
744 1978 804 2022 οιοιι
824 1958 977 2022 discedere
997 1958 1034 2021 ab
1053 1956 1213 2023 evidentia.
1236 1956 1323 2021 Com·

340 2102 443 2185 φοιιιιλ
475 2105 577 2164 aetem
609 2101 665 2162 ete.
697 2096 864 2182 “Suspicor
894 2094 1031 2161 lacunam
1054 2092 1105 2159 hie
1128 2117 1205 2159 esse:
1227 2116 1324 2179 neque

343 2238 502 2303 desiderari
534 2240 651 2302 tantum
675 2234 729 2299 illa
751 2233 855 2311 verbs,
879 2256 954 2319 quae
976 2255 1033 2320 ego
1056 2232 1173 2298 addidi:
1201 2235 1238 2298 ab
1262 2236 1323 2299 evi·

342 2377 446 2442 dentice
470 2383 500 2440 et
523 2377 704 2460 composuit,
736 2373 900 2437 sedetiam
924 2372 1044 2459 pluis„
1066 2372 1247 2437 Rectissime
1269 2371 1321 2436 sd-

346 2514 424 2579 didit
465 2513 659 2578 Nunnesius:
694 2510 756 2577 cfr.
792 2511 855 2575 vita
888 2515 993 2576 nostra
1029 2510 1157 2587 Graeca,
1192 2510 1224 2574 in
1266 2532 1325 2595 qus

342 2652 438 2740 leges:
462 2648 573 2716 ’Ἵδιοο
599 2648 633 2714 δὲ
659 2656 715 2731 τῆς
739 2646 986 2733 Αριστοτέλους
1007 2646 1202 2732 φιλοσοφίας
1223 2647 1259 2711 τὸ
1280 2651 1322 2731 μὴ

343 2791 549 2876 ἀφίστασθαι
573 2791 655 2855 τῶν
679 2786 887 2872 ἐναργῶν.
