3417 5534
380 642 422 703 46
814 656 924 704 norun.

380 846 564 924 ἀποδείξεις
587 847 621 913 δὲ
643 854 752 913 ποιεῖν
774 848 832 913 οὐκ
852 850 1037 929 ήπίσταντο
1059 848 1160 915 ταύτὸ
1181 857 1362 936 πάσχοντες

381 995 450 1062 τοῖς
480 992 692 1071 σκυτοτομεῖν
715 990 776 1070 μὲν
800 992 841 1071 μή
869 986 1089 1071 δυναμένοις,
1113 987 1300 1071 ὑποδήμασι
1325 985 1361 1051 δὲ

382 1134 523 1212 χρῆσθαι
549 1125 775 1211 δυναμένοις).
801 1127 913 1193 Eadem
936 1127 1045 1192 iisdem
1065 1126 1163 1193 verbis
1183 1126 1273 1193 hebet
1292 1149 1363 1192 auc-

380 1271 428 1330 tor
452 1266 537 1331 Vera.
562 1266 600 1332 V.
622 1266 658 1331 L.
682 1265 973 1353 Pseudo-Ammonii
1000 1266 1066 1331 loco
1090 1265 1217 1344 ductos,
1239 1288 1362 1354 praepo·

380 1405 489 1470 sitione
512 1404 577 1467 οίπδ
600 1406 798 1493 transposita,
820 1405 959 1471 lacunam
982 1405 1015 1470 iu
1038 1404 1121 1471 lrnnc
1143 1404 1265 1471 modum
1290 1428 1361 1493 sup·

380 1543 477 1631 plevi:
504 1542 667 1626 μεθόδους
699 1543 763 1607 ἅπδ
796 1546 863 1609 τῶν
887 1548 1088 1629 πραγμάτων
1113 1542 1359 1630 διακρίναντος.

424 1783 502 1849 Ibid.
523 1783 593 1849 Irin.
615 1788 665 1849 18.
685 1783 721 1848 οὐ
743 1791 937 1872 συγχωρήσω
956 1785 1165 1870 Ἀθηναίοις
1186 1783 1235 1859 δὶς
1254 1786 1362 1867 οἱμαρ-

380 1926 449 1986 τεῖν
482 1924 527 1996 εἷς
560 1920 771 2004 φιλοσοφίαν.
797 1922 896 1989 Addit
918 1922 1195 1989 Pseudo-Ammon.
1219 1924 1274 1986 καί
1299 1925 1361 2007 γὰρ

379 2057 440 2145 ήδη
465 2061 522 2125 τὸν
546 2065 730 2146 Σωκράτην
755 2056 837 2143 ἦσαν
864 2067 1083 2145 φονεύσαντες
1104 2062 1137 2126 οί
1156 2062 1360 2145 Ἀθηναῖοι.

423 2300 504 2367 Ibid.
533 2302 603 2366 Lin.
636 2306 687 2368 19.
722 2303 819 2366 Ἐπεὶ
852 2300 888 2366 δὲ
921 2305 962 2367 τοί
994 2308 1189 2383 καθήκοντα
1212 2298 1265 2385 ήν.
1296 2301 1364 2369 MS.

380 2439 439 2504 Sed
470 2442 503 2505 in
535 2441 653 2528 megine
684 2442 725 2504 τὰ
757 2439 842 2503 αὐτὰ
875 2446 1082 2521 καθήκοντα.
1116 2439 1299 2528 Ceteroquin
1328 2446 1364 2507 ut

380 2579 469 2646 verba
503 2603 535 2645 se
567 2579 633 2644 illic
667 2579 794 2657 habent,
829 2603 892 2646 non
927 2580 1069 2646 videntur
1103 2603 1208 2646 sanum
1240 2579 1364 2646 reddero

380 2740 467 2806 posse
500 2740 638 2793 sensum3
671 2740 763 2805 quare
792 2718 969 2807 particulam
1002 2718 1082 2798 οὐκ,
1116 2740 1205 2805 quam
1229 2724 1298 2785 ante
1321 2712 1361 2799 ήν

380 2858 529 2923 excidisse
559 2864 648 2945 puto,
679 2856 722 2923 ibi
754 2880 791 2923 ex
822 2858 995 2944 conjectura
1026 2858 1161 2945 reposuit
1184 2864 1248 2923 tum
1273 2856 1362 2923 verba

381 2998 454 3080 περὶ
489 3001 548 3077 τήν
580 2998 647 3060 τῶν
679 2996 885 3081 Ἀθηναίων
917 2994 1016 3061 πόλιν
1041 2996 1088 3062 vel
1111 2997 1145 3061 in
1168 2998 1203 3061 ἐν
1228 3004 1269 3080 τῇ
1292 2997 1360 3060 τῶν

380 3134 470 3197 Ἀθ.
492 3132 585 3199 πόλει
607 3135 819 3200 commutanda
838 3134 886 3201 vel
902 3134 1025 3200 omnino
1036 3134 1161 3200 delenda
1172 3156 1236 3199 csse
1247 3155 1362 3199 censeo.

426 3375 505 3441 Ibid.
537 3374 605 3439 Lin.
639 3380 691 3441 25.
722 3375 788 3440 Mu.
821 3374 909 3440 habet
934 3376 1055 3452 ἐκεῖσε,
1079 3396 1134 3461 pro
1154 3376 1232 3438 ἐκεῖ.
1256 3373 1361 3446 Quum

382 3514 521 3580 Graeculi
544 3514 583 3579 iis
606 3513 802 3601 temporibus,
828 3514 939 3600 quibus
963 3513 1036 3579 haec
1057 3513 1140 3578 fuere
1162 3513 1288 3601 scripte,
1311 3535 1361 3578 so-

383 3653 462 3719 leant
480 3652 626 3737 ejusmodi
647 3651 786 3718 adverbia
806 3653 999 3739 permiscere,
1016 3652 1094 3717 illud
1110 3655 1212 3717 ἐκεῖσε
1225 3651 1362 3737 quamvis

382 3791 527 3857 vitiosum
547 3791 667 3856 retineri
687 3790 817 3879 placuit,
838 3792 1079 3857 terminationem
1100 3797 1217 3871 tamen,
1236 3797 1271 3857 ut
1290 3814 1362 3878 spu-

382 3932 458 3997 riam
481 3933 570 3997 uncia
588 3930 709 3997 inclusi.

427 4171 506 4238 Ibid.
529 4173 599 4239 Lin.
623 4178 675 4239 26.
699 4176 717 4253 ή
739 4172 873 4258 φέρεται
898 4177 987 4258 παρά
1010 4196 1044 4237 τε
1069 4170 1284 4258 Ἀνδρονίκῳ
1304 4173 1359 4237 καί

383 4308 582 4394 Πτολεμαίῳ
609 4335 763 4392 μετα...
790 4310 907 4376 πίνακ.
933 4315 999 4376 τῶν
1024 4310 1124 4377 αὐτοῦ
1149 4315 1361 4396 συγγραμμά-

386 4473 463 4514 των.
500 4450 550 4517 Ita
580 4448 646 4515 Ma.
679 4450 831 4539 Diogenes
858 4451 999 4518 Laertius
1028 4451 1062 4515 in
1092 4452 1155 4518 vito
1185 4450 1363 4538 Philosophi
