3417 5534
784 711 893 757 norun.
1286 698 1324 758 br

398 900 471 989 Peg.
496 907 546 967 86.
562 941 564 945 .
579 902 628 967 Ad
653 902 719 968 illa:
744 904 927 970 Aristoteles
950 912 1050 970 anteon
1072 906 1209 971 nutritus
1232 912 1277 970 ost
1299 905 1334 969 in

355 1039 556 1120 Macedonio,
577 1040 648 1107 haec
668 1042 788 1108 scribit:
813 1043 923 1109 “locus
941 1044 1028 1132 plane
1050 1049 1223 1131 corruptus,
1247 1043 1332 1130 qussi

354 1177 404 1244 hic
437 1180 584 1268 interpres
606 1180 730 1269 legisset
753 1182 920 1267 optusum,
946 1205 1013 1249 cum
1036 1184 1069 1248 iu
1092 1182 1196 1247 codice
1218 1181 1333 1247 Graeco

358 1319 482 1401 (Anum.)
520 1316 636 1405 legatur
670 1325 769 1407 aperte
800 1320 940 1406 ἔρχεται.
975 1318 1191 1408 Reponendum
1223 1320 1331 1407 igitur,

354 1457 514 1539 profectus
537 1464 583 1522 cst
605 1457 639 1522 o'n
661 1457 910 1537 Macedonian„
932 1458 1024 1547 Apud
1042 1464 1180 1524 nostrum
1200 1455 1332 1521 στέλλε-

361 1616 415 1655 ται
453 1596 497 1669 εἷς
533 1593 752 1661 Μακεδονίαν
788 1597 869 1681 quod
903 1619 965 1662 non
998 1596 1182 1662 intellexisse
1214 1594 1335 1661 videtur

352 1730 505 1818 interpres.

399 2006 471 2094 Peg.
497 2011 547 2073 88.
578 2008 627 2073 Ad
650 2008 716 2074 ills:
751 2012 839 2080 uoco
859 2011 919 2075 sibi
940 1987 1170 2076 construxissent
1192 2010 1243 2076 oet
1264 2032 1331 2076 oon·

354 2148 523 2213 stituerunt
553 2170 618 2213 oum
650 2149 695 2214 ois
725 2156 869 2214 stotuoon.
896 2149 1028 2214 Buhlius
1050 2156 1149 2215 tamen
1171 2148 1260 2214 habet
1285 2148 1332 2235 (ut

354 2307 410 2350 nos
444 2287 533 2351 ctiam
569 2286 732 2373 edidimus)
769 2287 823 2352 iltn'
854 2295 1084 2354 construoorunt
1114 2293 1145 2354 et
1171 2273 1237 2353 cunr
1266 2286 1333 2351 suis

353 2430 502 2501 statuum,
533 2422 601 2489 dein
624 2423 730 2490 Nunn.
755 2424 843 2490 habet
867 2423 952 2491 haec:
977 2425 1079 2511 “quod
1104 2430 1201 2491 autem
1226 2423 1331 2490 scribit

354 2569 596 2640 construnonunt,
622 2564 673 2629 ool
696 2565 933 2642 constituerunt,
956 2564 1035 2629 idern
1056 2564 1142 2628 video
1161 2563 1330 2641 factitatum

354 2722 439 2787 saepe
461 2702 493 2766 in
518 2702 608 2767 veteri
632 2701 809 2779 tralatione,
832 2724 921 2787 quam
944 2701 1038 2767 habeo
1061 2700 1105 2766 M.
1129 2701 1159 2765 S.
1180 2724 1329 2767 commen-

353 2839 496 2905 tariorum
519 2840 701 2905 Graecorum
724 2841 756 2905 in
780 2841 908 2905 Aristot.
933 2838 1145 2905 Nicomachis:
1167 2838 1247 2925 quod
1267 2861 1329 2904 mo·

353 2975 465 3044 destiee
494 2977 667 3065 interpretis
697 2977 902 3055 tribuendum,
935 2982 970 3043 ut
1001 2978 1153 3064 integrum
1182 2978 1239 3056 sit,
1261 2983 1331 3043 utro

351 3116 424 3183 velit
446 3117 515 3203 quis
538 3116 627 3186 verbo
650 3117 798 3184 Graecum
822 3116 976 3194 reddere„

394 3393 466 3481 Psg.
490 3397 541 3459 89.
564 3392 614 3458 Ad
637 3391 738 3458 verbs:
759 3392 902 3479 potentio
927 3394 1067 3457 &centor
1083 3412 1158 3457 usus
1176 3399 1222 3457 ost
1241 3393 1327 3457 douo-

343 3531 480 3615 faciens.
510 3530 617 3596 “Illnd
649 3533 788 3597 decenter
817 3531 983 3617 interposui
1014 3553 1051 3595 ex
1082 3530 1196 3595 Graeco
1226 3553 1328 3595 exem·

349 3666 437 3755 pluri,
466 3668 499 3733 in
529 3690 589 3754 quo
620 3673 682 3734 erat
713 3666 865 3747 δεόντως,
899 3690 968 3733 oum
995 3668 1029 3733 in
1052 3667 1154 3733 Latin.
1178 3668 1328 3735 Translst.

348 3806 435 3894 plane
464 3806 588 3873 abesset.
612 3807 641 3873 J.
666 3807 721 3872 uh.
745 3806 845 3873 Buhle
868 3829 921 3894 pro
949 3809 1088 3873 docenter
1109 3805 1198 3872 habet
1220 3828 1329 3892 oppor-

348 3953 438 4013 tuno:
470 3946 521 4012 sed
553 3970 590 4012 ex
613 3945 834 4035 comparatione
856 3945 1004 4012 Translsl.
1030 3945 1098 4011 Vct.
1122 3967 1190 4011 cum
1213 3945 1328 4010 Gmeos

347 4091 452 4153 nostru
480 4091 562 4174 putet
585 4087 649 4173 jum
679 4086 712 4150 in
743 4085 811 4151 Vct.
843 4085 960 4151 Transi.
992 4085 1065 4150 olim
1095 4106 1152 4150 nec
1175 4079 1327 4164 &conteri

347 4246 403 4289 nec
434 4232 600 4311 opportuno
628 4224 722 4291 fuisse
752 4225 907 4312 scriptum.
941 4224 1026 4289 Idem
1050 4222 1268 4290 observandum
1293 4223 1325 4287 in

346 4366 481 4451 proxime
512 4363 706 4451 sequentibus
738 4365 817 4452 (pag.
848 4363 904 4449 89)
936 4362 973 4429 ud
1003 4362 1070 4429 ills:
1096 4363 1208 4428 nissae
1232 4363 1269 4426 ob
1292 4383 1325 4427 oo

346 4505 495 4591 epistolae
524 4503 791 4571 commendaticiae
814 4504 858 4568 od
878 4524 987 4586 repom,
1012 4501 1063 4568 ubi
1086 4500 1265 4567 Nunnesius
1288 4522 1325 4565 ex
