3417 5534
781 718 893 763 uorsa.
1288 704 1330 765 45

352 915 420 986 τοῖς
456 910 548 986 ἐκτὸς
579 909 805 975 ἄπιτίθεσθαι
835 912 879 986 ῶς
911 913 930 974 o‘
960 909 1078 990 πολύς,
1111 915 1189 992 μήτε
1222 908 1258 975 ἓν
1290 918 1331 993 τῇ

352 1056 444 1135 ψυχῇ
473 1054 575 1132 μόνον
599 1051 642 1124 ὡς
666 1052 684 1113 o‘
706 1048 864 1115 Πλάτων.
898 1049 964 1115 MS.
987 1050 1096 1115 Versio
1119 1049 1158 1115 V.
1181 1049 1217 1114 L.
1242 1050 1330 1116 Siout

351 1190 530 1273 Polyaenos
560 1190 637 1255 dicit
667 1211 720 1275 pro
751 1190 794 1263 ῶς
825 1188 979 1265 cholda.
1005 1189 1064 1255 sed
1087 1189 1161 1276 quid
1184 1188 1330 1255 hocloco

351 1328 542 1415 Polyaenus?
567 1328 666 1394 Nemo
690 1350 761 1393 sane
784 1328 979 1393 Macedonem
1004 1327 1188 1414 Polyaenum
1213 1351 1270 1393 sec.
1291 1329 1331 1393 V.

351 1466 515 1543 rhetorem,
545 1466 797 1554 strategematum
830 1468 1005 1554 scriptorem
1028 1466 1158 1554 intelligi
1184 1466 1263 1532 velit.
1287 1469 1331 1532 At

351 1606 412 1671 luit
433 1606 512 1671 inter
536 1608 648 1671 amicos
671 1611 702 1671 et
725 1611 888 1671 sectatores
910 1606 1052 1694 Epicuri,
1076 1628 1152 1692 quos
1172 1604 1223 1671 hic
1244 1607 1331 1671 vivus

350 1745 384 1809 in
407 1743 549 1810 convictu
571 1743 693 1823 habuit,
721 1752 861 1811 mortuus
885 1746 1079 1811 admiratores
1104 1750 1245 1834 expertus
1270 1751 1331 1823 cst,

351 1882 428 1948 alins
447 1882 616 1970 Polyaenus
637 1883 720 1971 (vid.
740 1883 836 1950 Jacob
860 1884 1004 1961 Bruclrar,
1025 1886 1130 1951 Instit.
1151 1884 1234 1950 Hist.
1258 1884 1330 1950 Phi·

350 2022 404 2088 lor.
435 2022 472 2088 de
501 2021 691 2110 philosophia
721 2024 913 2089 Graecorum.
943 2023 1010 2090 Lib.
1044 2022 1144 2089 110.
1170 2026 1220 2088 13.
1245 2024 1264 2108 d
1287 2024 1332 2108 ιι).

352 2160 461 2237 Hunc,
490 2160 601 2247 quippe
631 2160 683 2246 qui
710 2161 811 2227 seculo
833 2162 895 2226 fere
917 2167 986 2250 post
1010 2163 1101 2239 vixit,
1124 2161 1188 2248 ipse
1210 2162 1332 2227 Aristo·

351 2300 425 2366 teles
448 2322 638 2387 oppugnasse
661 2299 720 2364 dici
745 2264 867 2385 nequit,
891 2300 941 2365 sad
962 2302 1093 2388 respexit
1112 2302 1238 2366 fortasse
1260 2322 1330 2365 nos·

350 2446 396 2505 ter
417 2440 450 2503 in
474 2437 707 2503 consarcinanda
729 2438 786 2503 hac
809 2440 879 2505 vita.
902 2438 982 2504 Fieri
1006 2445 1122 2526 potest3
1145 2445 1176 2504 et
1199 2440 1244 2505 sic
1268 2438 1332 2504 bio·

350 2577 482 2666 graphas
504 2577 540 2642 ad
565 2599 615 2642 eos
634 2575 758 2664 Epicuri
777 2576 992 2644 obtrectatores
1011 2578 1174 2666 pertinuit,
1193 2579 1246 2664 qui
1264 2578 1333 2665 phi-

349 2714 508 2802 losophum
543 2714 625 2781 hunc
658 2714 815 2802 quibusvis
854 2715 1022 2804 opprobriis
1056 2716 1260 2794 cumulantes,
1294 2723 1331 2784 ιιι

350 2854 423 2920 iecit
445 2854 527 2919 Zeno
549 2874 618 2918 cum
642 2858 705 2919 tota
726 2853 857 2931 familia,
880 2854 992 2940 quique
1014 2855 1135 2920 Stoicos
1157 2853 1331 2919 inconside-

351 2998 413 3058 rata
431 2998 534 3080 postea
556 2992 651 3057 secuti
676 2997 747 3057 runt
771 2992 827 3057 viri
852 2998 950 3058 cetera
968 2991 1154 3069 doctissimi,
1177 2992 1257 3057 inter
1280 2991 1332 3057 ab

352 3130 442 3197 surda
463 3130 522 3197 alia
545 3152 612 3195 eum
637 3132 697 3211 τὴν
720 3128 936 3213 εὐδαιμονίαν
957 3128 993 3195 ἐν
1015 3137 1085 3204 τοῖς
1106 3130 1197 3204 ἐκτὸς
1213 3128 1332 3194 α’ποτί-

352 3275 474 3333 θεσθαι
506 3267 655 3334 dixerunt.
684 3268 743 3335 Sed
773 3290 848 3354 quae
879 3270 957 3335 ratio
987 3274 1091 3334 nostro
1121 3290 1185 3333 essa
1216 3268 1333 3355 potuit,

351 3414 397 3483 ut,
423 3406 589 3494 Epicurum
612 3412 734 3494 tangore
757 3408 782 3471 si
808 3407 951 3483 voluerit,
975 3429 1028 3493 pro
1051 3407 1198 3493 magistro
1220 3427 1331 3471 nomen

352 3545 492 3633 discipuli
516 3544 658 3630 Polyaeni
678 3544 845 3610 scriberet?
867 3545 977 3610 Senius
996 3544 1070 3630 quid
1089 3544 1331 3631 circumspicien-

351 3684 431 3750 dum.
461 3682 578 3770 Nempe
609 3705 701 3768 qnum
734 3685 800 3748 τῶν
832 3680 965 3747 πολλῶν
998 3684 1057 3749 ista
1087 3704 1203 3769 semper
1229 3682 1334 3769 opinio

349 3822 455 3897 luent,
477 3822 566 3887 sitam
590 3842 654 3885 esse
677 3824 737 3901 τὴν
763 3819 979 3903 εὐδαιμονίαν
1004 3822 1040 3886 ἐν
1062 3826 1130 3894 τοῖς
1154 3822 1257 3897 ἐκτός,
1277 3818 1330 3885 hio

349 3957 521 4047 philosophi
552 3957 708 4045 cujusdam
740 3960 862 4025 nomine
891 3959 969 4025 nihil
998 3982 1075 4046 opus
1098 3964 1159 4036 est,
1181 3964 1227 4035 et,
1250 3958 1332 4044 quod

348 4099 459 4185 recepi,
485 4097 631 4185 scriptum
654 4098 748 4163 fuisse
770 4075 844 4185 puto
863 4100 907 4171 ὡς
929 4100 947 4159 ό
970 4095 1070 4172 πολύς
1094 4094 1201 4182 ὄχλος.
1227 4096 1279 4161 Sic
1303 4121 1330 4162 v.

348 4258 374 4302 c.
404 4238 469 4323 ipse
498 4235 679 4302 Aristoteles
710 4236 743 4300 in
774 4234 874 4301 Ethic.
908 4235 1029 4301 Nicom.
1056 4237 1081 4301 Ι.
1107 4240 1136 4300 2.
1160 4236 1192 4299 οἱ
1214 4232 1331 4299 πολλοὶ

349 4374 430 4440 alind
453 4374 527 4461 quid
552 4373 769 4457 εὐδαιμονίαν
793 4374 972 4461 intelligunt
995 4397 1085 4460 quam
1108 4375 1140 4438 ol
1163 4374 1278 4456 σοφοὶ,
1301 4374 1334 4437 ol

347 4515 408 4594 μὲν
433 4515 494 4596 γὰρ
519 4516 585 4577 τῶν
612 4514 761 4597 ἐναργῶν
786 4537 817 4575 τι
843 4514 898 4575 καὶ
924 4513 1075 4595 φανερῶν
1097 4504 1169 4575 οἷον
1192 4507 1330 4592 ἡδονὴν,
