3417 5534
402 624 443 684 48
839 640 948 685 roric.

398 828 498 896 αὐτὸν
524 828 702 918 βασιλεῦσι.
734 829 800 896 MS.
824 830 933 897 Versio
956 831 994 895 V.
1018 831 1054 896 L.
1080 831 1180 897 malla
1203 838 1305 897 actem
1327 854 1381 915 po·

399 972 462 1037 aula
486 994 552 1036 ιιινι
576 972 702 1055 recides.
727 970 812 1042 Quae
835 969 953 1036 Graece
972 971 1047 1034 verti
1065 968 1172 1034 πολλὰ
1192 972 1252 1052 μὲν
1277 968 1382 1034 δονά-

398 1135 495 1192 μενος
520 1113 608 1195 παρὰ
634 1116 701 1184 τοῖς
726 1116 800 1173 κατ’
825 1108 926 1175 αὐτὸν
952 1107 1129 1196 βασιλεῦσι.

442 1433 520 1499 Ibid.
555 1433 625 1499 Lin.
659 1436 686 1500 7.
719 1442 759 1518 τῇ
791 1432 825 1498 δὲ
857 1433 993 1517 δυνάμει
1026 1434 1153 1519 οφ...
1187 1433 1381 1517 φιλοσοφίας

400 1577 608 1657 χρησάμενος.
640 1572 748 1637 Versio
782 1573 822 1638 V.
853 1574 890 1638 L.
920 1575 1088 1659 plurimam
1118 1583 1220 1639 actem
1242 1595 1316 1639 αιαι
1338 1580 1385 1637 ert

398 1734 511 1796 ονφανο
544 1712 769 1797 philosophiae.
805 1711 910 1783 Quum
945 1735 1036 1800 supra
1070 1735 1124 1799 pro
1159 1712 1235 1778 male
1270 1713 1384 1799 scripto

397 1847 596 1932 φιλοσοφίας
628 1850 849 1915 restituerimus
882 1848 1053 1934 βασιλείας
1087 1856 1117 1915 et
1140 1850 1241 1915 eadem
1267 1850 1384 1936 saepius
1467 1926 1469 1930 ι

398 1986 444 2053 bis
468 1988 547 2075 apud
570 1994 707 2053 nostrum
732 1992 907 2065 occurrant,
931 1993 962 2054 et
984 2011 1071 2074 saepe
1092 1988 1239 2054 nonnulla
1263 1987 1383 2053 excide·

397 2128 477 2204 rint,
500 2132 535 2192 ut
556 2132 638 2214 patet
658 2150 695 2192 ex
715 2128 937 2214 comparatione
956 2126 1114 2193 Versionis
1135 2126 1173 2191 V:
1193 2126 1240 2205 L„
1259 2127 1385 2191 fortasse

397 2271 428 2331 et
452 2265 509 2331 hcc
532 2265 599 2330 loco
621 2265 721 2331 eadem
746 2266 895 2332 sententia
918 2266 1030 2353 scripta
1047 2267 1138 2332 fuerit
1159 2272 1200 2349 τῇ
1221 2263 1255 2329 δὲ
1278 2262 1382 2329 δονά-

397 2430 449 2488 μει
474 2386 605 2489 ὀργάνῳ
623 2407 702 2489 πρὸς
728 2403 879 2469 εὐποιίαν
904 2408 1112 2490 χρησάμενος.
1133 2407 1173 2470 In
1193 2406 1259 2494 ipsc
1282 2410 1382 2470 tamen

397 2550 483 2610 textu
506 2544 583 2609 nihil
607 2550 721 2610 mutare
744 2566 809 2609 sum
833 2566 941 2623 ausus,
964 2567 1058 2631 quum
1082 2544 1186 2623 verba,
1208 2550 1243 2611 ut
1266 2567 1298 2609 se
1327 2542 1378 2608 ha·

398 2684 484 2761 bent,
506 2682 689 2749 tolerabilem
718 2684 844 2749 reddant
870 2706 1009 2763 sensum,
1032 2706 1178 2771 quaeres
1201 2706 1307 2771 supre,
1329 2682 1380 2748 ubi

398 2845 452 2910 pro
476 2820 670 2906 φιλοσοφίας
694 2823 776 2889 aliud
799 2846 909 2889 nomen
932 2823 1095 2903 substitui,
1115 2847 1178 2890 non
1199 2848 1216 2889 e
1248 2829 1269 2888 t.

444 3150 521 3216 ibid.
546 3149 616 3216 Lin.
642 3154 692 3216 10.
717 3152 752 3216 ἐν
778 3159 822 3236 τῷ
848 3155 921 3237 περί
947 3149 1098 3236 οὐρανοῦ.
1122 3150 1207 3218 Alibi
1232 3152 1267 3216 ἐν
1293 3158 1334 3234 τῇ
1352 3156 1383 3216 et

399 3311 519 3355 rursum
555 3288 590 3355 ὲν
623 3296 692 3364 τοῖς
724 3290 792 3356 vide
823 3313 912 3378 supra
943 3313 1012 3378 pag.
1038 3295 1067 3355 6.
1091 3290 1143 3355 lin.
1168 3294 1219 3355 18.
1242 3289 1382 3356 Ceterum

400 3428 436 3492 de
459 3428 585 3515 planetis
616 3428 717 3496 locum
747 3430 785 3507 in¹
811 3429 975 3495 Aristotele
998 3429 1154 3516 indagare,
1179 3434 1232 3494 aut
1254 3452 1291 3493 ex
1313 3450 1383 3516 pro-

401 3566 492 3632 babili
516 3568 687 3654 conjectura
706 3567 823 3635 hiatum
841 3568 978 3655 supplere
998 3589 1060 3632 non
1081 3567 1178 3633 licuit.
1203 3567 1272 3632 Hoc
1284 3567 1383 3633 solum

402 3706 488 3771 video
520 3706 667 3771 excidisse
699 3709 765 3773 τῶν
792 3709 950 3792 σφαιρῶν.
974 3706 1077 3772 Multa
1098 3706 1179 3772 enim
1202 3705 1382 3771 Aristoteles

400 3850 430 3909 et
452 3846 485 3909 in
505 3844 581 3910 libro
606 3848 678 3931 περὶ
704 3845 844 3931 οὐρανοῦ
868 3851 898 3911 et
918 3845 1009 3910 iniis
1031 3847 1104 3930 περὶ
1125 3851 1262 3928 φυσικῆς
1282 3843 1382 3930 οἷκρο-

399 3988 499 4057 άσιως
521 3983 683 4072 diligenter
703 3986 824 4073 scripsit
845 3987 918 4070 περὶ
939 3987 1005 4050 τῶν
1027 3982 1269 4049 ἀνελιττουσῶν
1283 4005 1382 4066 σφαι-

401 4126 481 4208 ρῶν,
506 4146 598 4209 quum
623 4124 660 4189 de
682 4124 866 4212 planetarum
890 4130 975 4191 motu
999 4129 1107 4212 ageret.

445 4437 523 4505 Ibid.
543 4438 612 4505 Lin.
634 4444 683 4506 15.
703 4442 742 4504 In
761 4438 828 4505 MS.
851 4465 919 4506 π..
935 4490 965 4507 ..
986 4446 1077 4523 θησι.
1101 4439 1179 4505 Dedi
1192 4439 1381 4524 προτίθησι.
