3417 5534
459 1580 942 1665 ΛΡΙΣΤΟΤΕΛΟΤΣ
983 1582 1140 1666 ΒΙΟΣ.

358 2271 597 2359 Ἀριστοτέλης
622 2276 640 2337 ό
662 2272 838 2358 φιλόσοφος
863 2280 920 2357 τῆς
942 2276 1003 2359 μὲν
1023 2268 1065 2356 ἦν
1084 2273 1292 2358 Σταγείρων,

315 2414 355 2477 τά
388 2410 422 2477 δέ
453 2417 623 2499 Στάγειρα
654 2411 749 2489 πόλις
781 2414 913 2502 Θρᾴκης
945 2412 1085 2498 πλησίον
1111 2411 1292 2492 Ὀλιίνδου,

316 2554 370 2617 καί
402 2557 585 2639 Μεθώνης,
618 2554 687 2629 υἱός
719 2552 754 2617 δὲ
784 2557 983 2641 Νικομάχου
1015 2556 1070 2619 καί
1100 2552 1292 2631 Φαιστίδος,

316 2692 436 2778 α’μφοῒν
457 2692 522 2758 α’πό
542 2699 725 2781 Μαχάονος
743 2695 798 2759 τοῦ
817 2692 1027 2780 Ἀσκληπιοῦ
1045 2689 1293 2777 καταγομένων,

316 2834 359 2909 ὥς
383 2831 479 2918 δηλοῖ
501 2834 537 2899 τό
562 2836 607 2911 είς
631 2832 732 2901 αὐτόν
757 2834 957 2921 ἐπίγραμμα·

342 3035 549 3113 ’(Φαιστίδος
572 3031 613 3119 ἦν
633 3038 765 3123 μητρός,
787 3039 842 3102 καί
868 3040 1067 3123 Νικομάχου
1088 3041 1273 3120 γενετῆρος,

385 3180 462 3243 Τῶν
489 3174 766 3267 Ἀσκληπιαδῶν,
793 3175 862 3254 δῖος
885 3175 1166 3264 Ἀριστοτέλης.,,

361 3386 490 3469 Γέγονε
522 3388 557 3455 δὲ
590 3389 703 3466 αὐτοῖς
735 3390 772 3457 οὐ
802 3393 905 3476 μόνον
934 3389 1185 3477 Ἀριστοτέλης,
1210 3387 1297 3454 α’λλά

319 3529 374 3592 καὶ
397 3528 623 3615 Ἀρίμνηστος
652 3532 707 3597 καί
732 3531 955 3617 Ἀριμνήστη·
980 3535 998 3595 ό
1021 3530 1056 3597 δέ
1080 3558 1115 3611 γε
1139 3533 1297 3614 Νικόμα-

319 3691 373 3753 χος
398 3669 507 3755 ἶατρός
530 3663 570 3752 ἦν
595 3670 783 3755 Ἀμύντου,
810 3673 866 3737 τοῦ
890 3670 1098 3738 Μακεδόνων
1123 3667 1295 3757 βασιλέως,

319 3814 373 3875 τοῦ
398 3804 569 3873 Φιλίππου
593 3810 728 3896 πατρὸς,
755 3812 809 3875 καί
835 3811 920 3875 κατὰ
943 3816 1072 3895 μνήμην
1097 3812 1153 3874 τοῦ
1174 3808 1297 3874 οἶκείου

319 3946 441 4031 πατρός
471 3946 711 4033 Ἀριστοτέλης
739 3952 798 4016 τόν
828 3953 946 4015 ἑαυτοῦ
970 3948 1076 4015 παῖδα
1099 3952 1298 4035 Νικόμαχον

319 4089 589 4172 προσηγόρευσεν,
615 4074 643 4173 ᾧ
664 4088 719 4152 καί
741 4090 781 4153 τὰ
802 4092 842 4154 Ν
843 4091 1014 4175 ικομάχεια
1033 4090 1138 4170 ἠθικὰ
1159 4086 1296 4175 ἔγραψε.

318 4228 499 4311 Πατρόδεν
523 4229 588 4313 ἄρα
609 4231 654 4313 τῷ
676 4226 907 4315 Ἀριστοτέλει
928 4229 982 4293 καί
1005 4228 1039 4291 ἐκ
1057 4233 1113 4310 τῆς
1130 4225 1299 4293 α’νέκαθεν

318 4372 433 4443 γενεᾶς
463 4372 485 4451 η
515 4370 587 4454 περί
619 4367 836 4452 φυσιολογίαν
862 4370 916 4434 καί
944 4370 1093 4455 ιάτρικὴν
1117 4365 1196 4444 λέξις.
1223 4370 1301 4454 ’ορ-

319 4506 422 4589 φανός
460 4505 500 4572 δὲ.
531 4511 705 4594 γενόμενος
740 4507 900 4589 ἀνάγεται
937 4510 1026 4595 παρὰ
1061 4504 1220 4595 Προξένῳ
1255 4511 1301 4593 τῷ

1150 4647 1161 4686 ι
