3417 5534
380 636 422 697 28
811 650 920 697 uorsa.

378 841 463 908 Idem
487 842 525 908 V.
550 843 590 909 H.
614 842 681 909 Lib.
705 844 838 910 111.1u.
861 844 986 933 primam
1005 842 1125 909 discidii
1142 867 1261 910 causam
1276 845 1356 910 iuter

378 982 533 1049 Plutonem
564 989 594 1049 et
624 984 818 1051 Aristotelem
851 982 929 1049 hane
955 984 1179 1072 fuisse-tradit,
1201 984 1281 1071 quod
1304 984 1354 1050 hic

378 1124 490 1191 vestitu
520 1128 550 1190 et
580 1124 665 1191 cultu
696 1129 774 1190 esset
804 1123 1000 1213 elegantiore,
1033 1130 1064 1189 et
1087 1123 1269 1211 discipulum
1292 1147 1353 1190 ma·

377 1264 471 1351 gister
491 1263 560 1330 ideo
583 1264 812 1353 vituperaverit:
835 1285 891 1329 nec
913 1262 971 1329 hoc
990 1261 1142 1343 abhorret,
1162 1264 1214 1329 sed
1227 1264 1354 1329 maxime

378 1404 519 1470 convenit
547 1404 670 1493 ingenio
693 1403 885 1481 Aristotelis,
907 1404 959 1490 qui
983 1426 1135 1490 nunquam
1160 1404 1265 1471 doctor
1287 1426 1353 1470 um·

376 1543 509 1609 beaticus
539 1544 614 1623 fuit,
645 1544 695 1609 sed
726 1545 758 1609 in
789 1545 855 1609 aula
886 1567 989 1632 regum
1021 1544 1129 1609 versari
1160 1549 1264 1610 natus:
1288 1549 1354 1610 tum

376 1683 435 1750 Ad.
458 1682 549 1749 Stuhr
570 1684 603 1749 in
626 1683 645 1749 l.
668 1706 692 1749 o.
717 1684 752 1749 Τ.
775 1707 802 1771 p.
828 1687 869 1750 57
890 1689 962 1750 notu
981 1684 1056 1749 citat
1073 1682 1260 1749 Athenaeum
1278 1684 1313 1749 L.
1326 1687 1355 1749 1.

376 1848 404 1913 p.
428 1828 487 1901 21,
517 1823 568 1890 ubi
601 1824 785 1912 Hermippus
816 1824 896 1890 idem
927 1825 1034 1890 vitium
1062 1829 1162 1890 narrat
1192 1824 1229 1890 de
1256 1824 1355 1889 Theo·

376 1963 513 2051 phrasto;
549 1964 668 2031 videtur
700 1964 797 2051 igitur
831 1963 999 2051 discipulus
1037 1963 1173 2051 magistri
1206 1962 1352 2029 carissimi

376 2104 451 2170 vitia
473 2104 561 2169 etium
585 2104 722 2169 imitatus
745 2126 817 2169 esse.

420 2242 489 2308 dam
520 2242 557 2309 ab
586 2243 726 2310 omnibus
756 2242 830 2310 viris
861 2241 1002 2320 eruditis,
1033 2242 1086 2329 qui
1116 2242 1153 2308 de
1182 2241 1353 2331 hocurgu-

378 2389 479 2447 mento
511 2384 710 2470 scripserunt,
734 2382 922 2448 observatum
947 2388 1006 2461 est,
1028 2381 1221 2448 Aristotelem
1246 2406 1262 2447 a
1284 2383 1354 2450 Pla·

271 2518 275 2525 ’
377 2526 446 2587 toue
477 2545 514 2587 ne
546 2522 636 2588 semel
664 2523 785 2609 quidem
814 2522 985 2600 memorari,
1008 2522 1090 2609 quod
1111 2524 1188 2589 sorte
1209 2523 1354 2589 accidisse

377 2661 429 2727 vix
459 2661 600 2726 credibile
631 2667 683 2727 est.
715 2661 808 2726 Porro
839 2662 1040 2749 Speusippus,
1071 2684 1132 2726 non
1160 2662 1354 2742 Aristoteles,

377 2801 513 2867 Plutonis
543 2801 602 2867 fuit
625 2801 657 2865 in
680 2800 829 2867 academia
852 2823 1023 2866 successor:
1047 2799 1229 2888 biographus
1252 2808 1355 2868 noster

313 3022 315 3027 Ι
377 2963 444 3006 cum
476 2940 543 3005 eliis
574 2940 631 3005 hoc
661 2941 780 3026 quidem
804 2939 875 3005 inde
897 2939 1040 3028 explicat,
1064 2940 1145 3028 quod
1169 2941 1354 3031 Speusippus

376 3080 512 3146 Platonis
542 3100 579 3143 ex
610 3100 709 3144 sorore
743 3078 824 3144 filius
854 3085 946 3156 esset,
980 3079 1031 3145 sed
1062 3102 1154 3167 quum
1186 3080 1291 3146 multis
1321 3081 1353 3146 in

376 3218 464 3284 rebus
495 3217 685 3306 philosophie
717 3218 892 3284 Aristotelis
923 3218 1041 3284 differat
1072 3242 1089 3283 s
1119 3218 1271 3297 Platonis,
1290 3220 1352 3307 jum

376 3364 461 3424 antea
492 3358 658 3447 discipulus
691 3380 777 3443 saepe
807 3358 991 3444 smsgistro
1014 3358 1206 3437 dissensisse,
1230 3365 1260 3425 et
1282 3381 1352 3424 con·

376 3499 505 3564 tentiose
524 3520 593 3563 cum
612 3497 666 3563 illo
685 3498 853 3585 disputasse
873 3496 1040 3562 censendus
1059 3502 1121 3564 est:
1140 3503 1241 3563 utrum
1255 3505 1353 3565 sutem

376 3638 419 3703 rei
441 3643 565 3703 naturae
589 3638 685 3726 magis
707 3641 753 3703 est
776 3640 1008 3703 cousentaneum
1032 3636 1177 3725 magistro
1196 3637 1355 3703 succedere

375 3799 442 3843 eum
473 3778 525 3863 qui
556 3776 666 3854 multa,
700 3799 737 3841 an
760 3776 812 3863 qui
836 3775 915 3841 nihil
937 3776 970 3840 in
992 3776 1130 3864 magistri
1154 3774 1291 3842 doctrina
1312 3778 1355 3843 sit

374 3916 595 3982 innovaturus?
628 3916 752 3981 Frustra
782 3915 861 3980 enim
887 3920 989 3979 noster
1013 3913 1194 4003 biographus
1218 3915 1354 3982 Platonis

375 4060 406 4120 et
427 4054 599 4121 Aristotelis
623 4054 734 4142 placita
757 4055 836 4120 inter
860 4077 892 4120 se
914 4054 1074 4120 conciliare
1095 4060 1234 4132 conatur,
1253 4078 1352 4123 exem·

374 4193 456 4281 plum
489 4200 610 4259 secutus
640 4194 821 4260 Graecorum
845 4194 1020 4260 Aristotelis
1043 4194 1255 4283 interpretum,
1278 4196 1353 4262 Hie·

374 4331 480 4409 roclis,
512 4330 687 4419 Porphyrii,
719 4333 857 4399 aliorum.
882 4333 951 4399 Vid.
977 4334 1007 4399 J.
1030 4333 1086 4399 uh.
1109 4332 1209 4400 Buhlc
1230 4334 1262 4399 in
1285 4334 1304 4400 l.
1327 4357 1353 4402 c.

378 4472 414 4535 Τ.
440 4475 467 4535 1.
490 4494 518 4558 p.
543 4476 594 4536 88.
