3417 5534
370 674 411 735 44
806 691 916 735 nerra.

368 886 389 963 ἤ
411 880 567 961 πλοῦτον,
593 886 614 964 ἤ
637 887 733 964 τιμὴν
760 908 789 945 κ.
816 907 845 945 τ.
872 885 898 945 ἑ.
924 882 1025 948 Echio.
1051 882 1156 971 Magn.
1180 885 1205 950 I.
1231 887 1259 949 3.
1282 888 1348 949 τῶν

370 1021 510 1100 ἀγαθῶν
538 1020 633 1110 (ἐστι)
658 1024 699 1087 τὰ
722 1025 781 1105 μὲν
808 1025 842 1087 ἐν
869 1030 910 1106 τῇ
933 1030 1037 1108 ψυχῇ,
1064 1016 1135 1088 οἷον
1161 1024 1197 1087 αἱ
1219 1022 1349 1108 ἀρεταὶ,

369 1162 409 1223 τὰ
436 1158 469 1224 δὲ
495 1162 529 1225 ἐν
551 1168 596 1243 rai>
617 1164 755 1244 σώματι,
779 1155 849 1226 οἷον
869 1162 995 1240 ὑγίεια,
1018 1160 1154 1242 κάλλος,
1176 1164 1217 1225 τὰ
1242 1160 1272 1226 d‘
1292 1160 1348 1225 ἐκ·

369 1302 439 1377 τὸς,
471 1297 630 1379 πλοῦτος,
664 1300 763 1386 οἷρχὴ,
798 1304 873 1383 τιμὴ
899 1338 942 1349 -
966 1305 1090 1365 τούτων
1123 1298 1157 1364 δι’
1183 1302 1224 1364 τὰ
1249 1301 1283 1366 ἐν
1308 1308 1349 1383 τῇ

369 1446 462 1524 ψυχῇ
485 1436 653 1525 βέλτιστα.

413 1716 485 1805 Pag.
510 1721 538 1782 8.
561 1717 630 1783 Lin.
655 1722 683 1783 2.
707 1721 767 1798 τὴν
793 1716 945 1800 πέμπτην
971 1715 1099 1782 οὐσίαν.
1123 1716 1185 1783 cfr.
1208 1718 1230 1782 J
1253 1717 1349 1783 Bruc-

368 1857 431 1923 kari
451 1858 554 1923 Instii.
575 1857 646 1923 bist.
667 1855 774 1944 philos.
794 1857 842 1922 De
861 1856 969 1944 philos.
982 1857 1086 1922 Graec.
1099 1855 1166 1934 Lib,
1179 1858 1223 1923 II.
1234 1855 1306 1943 Gap.
1322 1858 1349 1922 7.

370 2001 441 2062 sect.
474 2000 502 2061 1.
534 1998 552 2080 d
587 1999 637 2061 10.
668 1995 822 2082 Intelligit
852 2001 954 2060 noster
986 1993 1205 2079 ἐντελέχειαν,
1231 1994 1268 2060 de
1290 2018 1349 2081 qua

369 2134 458 2199 Tusc.
482 2133 605 2206 Quaest.
628 2132 695 2198 Lib.
715 2134 740 2198 Ι.
760 2132 794 2197 O.
816 2137 857 2200 10
878 2132 950 2198 haec
970 2137 1041 2198 sunt
1060 2131 1230 2197 Ciceronis:
1256 2134 1350 2209 „Ari-

370 2273 491 2338 sboteles
515 2272 605 2360 longe
627 2271 782 2350 omnibus,
801 2272 967 2359 (Platonem
989 2294 1104 2359 semper
1123 2270 1252 2359 excipio)
1266 2294 1350 2358 prae·

369 2417 453 2476 stans
476 2416 506 2476 et
531 2412 666 2498 ingenio,
685 2416 715 2476 eb
736 2410 906 2498 diligentia,
930 2434 997 2477 cum
1018 2416 1147 2496 quatuor
1165 2410 1219 2475 illa
1241 2434 1350 2498 genera

368 2538 585 2637 principiorum·
615 2556 693 2615 esset
723 2550 914 2637 complexus,
944 2549 1092 2636 equibus
1115 2550 1215 2615 omnia
1237 2550 1347 2615 oriren-

367 2695 428 2767 tur,
461 2690 600 2776 quintum
624 2689 773 2774 quandam
796 2695 934 2755 naturam
959 2693 1059 2755 censet
1084 2712 1162 2765 esse,
1187 2712 1203 2754 e
1225 2712 1285 2775 qua
1308 2690 1349 2755 sit

369 2852 459 2895 mena.
479 2828 622 2917 Cogitare
640 2830 736 2907 enim,
755 2835 785 2894 et
804 2829 976 2916 providere,
995 2833 1025 2893 et
1046 2828 1159 2893 discere
1178 2834 1208 2893 et
1228 2827 1348 2905 docere,

368 2974 398 3034 eb
415 2968 552 3034 invenire
573 2968 704 3054 aliquid,
724 2975 754 3034 eb
772 2974 833 3033 tem
852 2967 948 3032 multa
960 2967 1018 3032 alia
1038 2967 1348 3044 meminisse,amare,

367 3108 482 3185 odisse,
510 3130 632 3196 cupere,
663 3107 784 3184 timere,
814 3108 901 3194 angi,
933 3105 1050 3172 laetari:
1082 3106 1155 3171 haec
1185 3111 1215 3172 ei
1237 3107 1349 3173 similia

368 3268 485 3324 eorum,
507 3246 540 3310 in
564 3246 671 3311 horum
696 3252 825 3331 quatuor
855 3267 997 3331 generum
1021 3244 1106 3311 nullo
1129 3246 1226 3310 inesse
1255 3250 1349 3332 putat.

369 3381 518 3457 Quintum
547 3407 644 3472 genus
676 3383 810 3461 adhibet,
839 3406 947 3449 vacans
969 3383 1104 3450 nomine:
1128 3389 1158 3448 et
1181 3384 1226 3448 sic
1249 3384 1349 3470 ipsum

368 3524 519 3599 animum,
540 3522 745 3608 ἐντελέχειαν
767 3522 895 3610 appellat
915 3544 994 3587 novo
1007 3523 1141 3601 nomine,
1154 3522 1239 3608 quasi
1252 3545 1347 3608 quan·

368 3663 435 3728 dam
461 3663 666 3728 continuatam
692 3662 870 3739 motionem,
890 3666 920 3727 et
939 3670 1124 3749 perennem.“
1142 3662 1191 3727 De
1209 3662 1276 3748 ipso
1296 3683 1348 3728 ιο-

368 3800 475 3866 cabulo
508 3798 692 3904 ἐντἐλέχιια
724 3800 810 3865 Vidr.
841 3798 934 3865 index
964 3800 1222 3866 Graeco-Latinus
1244 3800 1277 3864 in
1300 3800 1349 3865 Ju.

367 3941 501 4028 Augusti
526 3936 645 4005 Ernesti
670 3940 746 4006 clavi
771 3939 979 4005 Ciceroniana.

412 4216 492 4282 Ibid.
523 4216 593 4281 Lin.
622 4220 672 4283 10.
697 4217 732 4281 ἐν
758 4218 818 4301 γὰρ
843 4221 888 4299 τῷ
913 4214 1050 4299 πέμπτῳ
1075 4223 1132 4297 τῆς
1155 4213 1347 4299 φινσιολονι-

369 4362 426 4436 πῆς
458 4381 488 4418 κ.
522 4380 551 4419 τ.
585 4358 611 4417 ἑ.
644 4353 707 4419 cfr.
737 4355 863 4419 Aristot.
894 4353 986 4438 Phys.
1014 4355 1137 4419 Acroce.
1162 4353 1200 4416 V.
1227 4357 1254 4417 l.
1279 4352 1346 4416 ἔστι

369 4493 403 4559 δὲ
429 4494 467 4574 δή
493 4519 524 4557 τι
548 4495 564 4557 ὃ
589 4495 661 4557 οὔτε
689 4495 772 4556 κατὰ
797 4494 1000 4578 συμβεβηκὸς
1029 4498 1169 4557 κινεῖται
1198 4492 1271 4555 οὔτε
1302 4497 1347 4575 τῷ
