3417 5534
411 671 449 732 18
704 687 801 732 varos
827 686 937 731 urrini
965 686 1083 730 vuasto.

405 882 455 942 tur
485 876 522 942 ab
544 877 718 943 Andronico
746 882 775 942 et
798 876 969 942 Ptolemaeo
992 898 1061 941 cnm
1086 874 1289 941 voluminibus
1312 898 1382 941 euo-

406 1036 471 1079 rum
495 1021 685 1082 tractatuum.
718 1016 843 1080 Dimisit
866 1019 965 1080 autem
989 1014 1085 1080 filium
1109 1013 1327 1079 Nicomachum
1352 1020 1382 1079 et

406 1154 496 1219 filiam
528 1153 693 1239 Pythian,
723 1156 858 1242 proprios
883 1159 982 1219 autem
1007 1152 1173 1240 discipulos
1196 1151 1382 1238 Theophras·

405 1296 486 1367 tum,
511 1291 668 1368 Phaniam,
695 1291 850 1378 [Pluma]‚
868 1291 1053 1370 Eudemum,
1072 1290 1204 1368 Clitum,
1224 1291 1380 1356 Aristoxe-

405 1452 494 1505 num,
543 1430 773 1509 Dicaearchum
814 1434 960 1497 tractatus
999 1436 1097 1495 autem
1132 1452 1257 1495 numero
1293 1429 1382 1494 mille.

406 1566 505 1633 Multa
526 1575 623 1634 autem
655 1571 754 1657 potuit
778 1591 845 1634 cum
870 1567 1008 1657 regibus,
1031 1570 1084 1654 qui
1106 1569 1228 1635 luerunt
1250 1574 1383 1656 tempore

406 1729 477 1785 suo,
508 1708 667 1796 Philippo,
701 1708 896 1796 Olympiade,
929 1708 1116 1785 Alexandro,
1151 1715 1181 1774 et
1211 1710 1382 1796 Antipatro.

404 1845 571 1914 Plurimum
608 1854 705 1913 antem
740 1872 812 1914 usus
846 1854 893 1913 est
922 1871 1034 1936 organo
1065 1848 1276 1936 philosophiae.
1308 1847 1382 1913 Pro·

405 1987 503 2073 prium
535 1993 632 2051 autem
662 1986 721 2052 luit
744 1986 949 2074 philosophiae
980 1986 1170 2064 Aristotelis,
1201 2010 1262 2051 non
1285 1987 1382 2051 disce·

409 2124 476 2189 dere
499 2124 535 2190 ab
565 2125 722 2191 evidentia.
746 2125 925 2213 Composuit
947 2131 1046 2192 antem
1070 2125 1249 2191 Aristoteles
1272 2124 1381 2192 librum

407 2264 442 2329 de
473 2264 623 2331 Oratione.
653 2265 744 2331 Unde
774 2265 964 2353 Simplicius:
995 2265 1086 2338 Quod
1120 2266 1200 2330 enim
1231 2265 1382 2351 intelligat

405 2409 435 2469 et
469 2426 556 2491 snper
579 2403 792 2480 intellectum·
805 2412 835 2469 et
858 2403 1166 2491 supersubstantiam
1190 2404 1384 2479 Aristotcles,

406 2544 596 2607 manifestum
626 2550 672 2607 est
706 2543 784 2628 apud
820 2543 908 2607 finem
943 2541 1011 2607 libri
1047 2543 1084 2607 de
1117 2542 1262 2607 Oratione
1295 2541 1383 2627 plane

406 2681 523 2745 dicens:
542 2681 622 2766 quod
644 2682 727 2747 Deus
743 2689 795 2746 aut
817 2681 990 2746 intellectos
1009 2689 1069 2756 est,
1090 2687 1141 2746 aut
1165 2680 1278 2765 aliquid
1302 2680 1382 2745 ultra

405 2819 600 2886 intellectum.
