3417 5534
384 660 427 722 40
818 677 926 722 ουτοι.

384 869 493 951 ἐκείνη
525 868 580 935 διὰ
611 870 727 935 τοῦτόν
752 867 853 934 ἐστιν.
879 868 1060 936 Aristoteles
1083 873 1183 935 tamen
1205 867 1288 934 ideas
1310 866 1359 932 ab·

379 1009 488 1096 jecisse
511 1008 636 1075 videtur.
659 1009 721 1075 Gfr.
744 1008 878 1097 Metaph.
902 1011 926 1075 I.
952 1016 980 1075 9.
1004 1013 1041 1074 τὸ
1064 1008 1099 1072 δὲ
1121 1007 1230 1086 λέγειν
1251 1032 1361 1092 παρα-

385 1146 544 1229 δείγματα
575 1147 659 1212 αὐτὰ
694 1149 737 1236 (id
766 1154 811 1215 est
842 1152 883 1212 τὰ
913 1147 997 1235 εἴδη)
1023 1141 1108 1214 εἶναι
1134 1151 1188 1212 καὶ
1212 1146 1361 1232 μετέχειν

385 1287 494 1353 αὐτῶν
527 1281 633 1353 τᾶλλα
658 1287 845 1369 κενολογεῖν
871 1290 938 1353 ἐστι
964 1290 1018 1352 καὶ
1043 1289 1228 1373 μεταφορὰς
1252 1285 1361 1366 λέγειν

385 1431 569 1511 ποιητικάς.

429 1705 502 1793 Pag.
528 1709 555 1771 7.
586 1706 654 1771 Lin.
679 1711 708 1771 2.
741 1709 795 1769 καὶ
830 1707 865 1771 ἐν
897 1712 939 1789 τῇ
968 1708 1042 1789 περὶ
1074 1711 1183 1789 ψυχῆς
1205 1706 1262 1769 τὸν
1288 1710 1362 1768 κατ’

386 1841 554 1929 ἐνέργειαν
588 1853 665 1911 νοῦν
697 1837 781 1909 εἶναι
807 1847 847 1908 τὰ
872 1849 1060 1929 πράγματα.
1085 1843 1196 1909 Eadem
1220 1844 1253 1908 in
1277 1842 1363 1910 Vere.

385 1982 424 2049 V.
448 1984 482 2049 L.
507 1983 565 2049 Sed
590 1982 784 2090 {onge‘aliud
807 1984 881 2069 quid
901 1983 991 2049 habet
1009 1983 1190 2049 Aristoteles
1209 1982 1246 2048 de
1264 1982 1364 2048 anima

385 2124 447 2188 HI.
480 2126 507 2189 ⁷.
539 2124 589 2188 fin.
621 2121 701 2196 ὅλως
734 2121 764 2185 δ’
795 2124 812 2185 o‘
843 2130 917 2197 νοῦς
942 2124 1030 2187 ἐστὶν
1054 2125 1072 2185 o‘
1094 2129 1168 2186 κατ’
1193 2121 1362 2207 ἐνέργειαν

385 2264 426 2325 τὰ
450 2266 626 2345 πράγματα
652 2262 749 2325 νοῶν.
776 2260 916 2326 Fortasse
939 2260 1017 2348 apud
1040 2267 1194 2339 nostrum,
1216 2262 1264 2328 vel
1283 2263 1362 2349 apud

384 2399 471 2465 illum
501 2404 652 2466 auctorem
682 2399 761 2465 unde
784 2398 900 2476 hausit,
924 2400 1070 2486 scriptum
1093 2400 1184 2465 fuerit
1207 2403 1263 2466 τὸν
1288 2406 1362 2464 κατ’

256 2562 266 2583 ·
386 2536 554 2622 ἐνέργειαν
579 2541 620 2602 τὰ
644 2543 820 2623 πράγματα
845 2541 987 2603 νοοῦντα
1012 2543 1091 2603 νοῦν
1118 2531 1215 2603 εἶναι.

428 2817 506 2884 Ibid.
534 2817 603 2883 Lin.
632 2820 650 2881 3
680 2822 710 2882 et
738 2821 767 2882 4.
799 2813 947 2880 καθόλου
980 2818 1042 2900 γὰρ
1073 2818 1091 2878 ὁ
1122 2814 1362 2900 Ἀριστοτέλης

385 2960 421 3020 τὸ
453 2951 498 3037 ἧθ
513 3002 766 3019 ...........
801 2979 910 3033 γονεν.
943 2954 1011 3019 MS.
1034 2954 1114 3020 Dedi
1138 2955 1174 3017 τὸ
1197 2950 1361 3037 ἧθοςμέ-

385 3119 472 3179 τριος
505 3091 652 3172 γέγονεν.
690 3093 770 3158 Nam
803 3093 912 3159 Versio
944 3092 982 3159 V.
1013 3094 1049 3158 Ιι.
1082 3093 1211 3159 multum
1235 3116 1364 3179 κοικριιο

383 3233 569 3299 Aristoteles
596 3234 767 3299 moderatus
787 3233 862 3315 fuit
884 3234 1022 3298 οιοιὶῦαι.
1045 3232 1279 3299 Pseudo-Amm.
1303 3232 1362 3315 με’-

386 3396 473 3457 τριος
498 3370 532 3435 δὲ
557 3370 692 3451 γέγονεν
717 3373 735 3434 ὁ
757 3371 839 3455 ἀνὴρ
865 3356 958 3445 οὗτος
980 3377 1048 3446 τοῖς
1068 3376 1185 3451 ἤθεσιν
1206 3372 1363 3457 εἷςῦπερ-

384 3506 498 3597 βολήν.

428 3785 506 3852 Ibid.
535 3786 603 3852 Lin.
635 3790 656 3851 4
686 3791 715 3852 ολ
744 3810 824 3872 seqq.
846 3778 884 3850 ⁴'a'
908 3784 943 3850 ἐν
967 3789 1027 3869 μὲν
1053 3791 1126 3861 ταῖς
1150 3788 1363 3871 κατηγορίαις

388 3928 464 4011 φησὶ
488 3930 529 4008 μὴ
556 3924 625 3990 δεῖν
648 3926 823 4011 προχείρως
844 3924 1093 4008 ἀποφαίνεσθαι
1101 3974 1111 4005 ,
1132 3924 1363 3991 ἀλλὰ-πολλά-

386 4091 436 4140 κις
471 4062 708 4148 ἐπεσκεμμένον
741 4066 795 4127 καὶ
828 4070 870 4146 μὴ
888 4111 1094 4127 .........
1178 4089 1226 4129 ειν
1259 4070 1361 4147 μόνον

384 4208 548 4289 ἄχρηστον
574 4195 671 4268 εἶναι.
698 4204 764 4269 MS.
787 4205 825 4269 In
849 4203 934 4269 Vers.
960 4204 998 4269 V.
1021 4203 1056 4270 L.
1078 4207 1160 4271 unde
1181 4206 1216 4270 ιἰι
1235 4206 1363 4290 praedi·

388 4344 534 4410 οοικοκλὶι
568 4350 635 4417 οῦκ
672 4344 772 4430 itaque
806 4367 860 4431 pro
891 4348 920 4408 εἴ
950 4345 1051 4411 malim
1081 4342 1163 4411 ἐπεὶ.
1193 4344 1242 4410 En
1263 4345 1363 4433 ipsum

386 4484 562 4551 Aristotelis
585 4485 684 4551 locum
708 4484 811 4571 Categ.
837 4489 865 4551 7.
885 4485 935 4552 fin.
954 4485 1029 4561 ἴσως
1055 4484 1089 4549 δὲ
1115 4483 1258 4571 χαλεπὸν
1282 4485 1363 4568 ὑπὲρ
