3417 5534
403 718 445 779 50
838 732 948 778 corre.

396 930 495 1000 tuere,
526 925 606 990 facte
635 924 855 1010 comparatione
887 945 956 988 cum
986 922 1040 988 illc
1066 924 1129 989 rito
1153 922 1281 1001 Graeca,
1304 944 1380 1007 quae

398 1062 567 1150 Philopono
589 1060 747 1139 tribuitur,
770 1061 842 1127 licet
863 1061 916 1126 iile
939 1061 1036 1127 multo
1059 1062 1177 1127 unctior
1200 1060 1289 1146 hujus
1309 1083 1380 1126 oou-

398 1202 534 1267 tentione
556 1200 729 1277 reddatur.„
752 1200 839 1272 Quae
857 1205 958 1266 autern
978 1199 1042 1287 ipse
1062 1199 1195 1277 addidit,
1214 1199 1262 1265 rel
1281 1220 1381 1265 emen·

399 1338 495 1417 davit,
521 1339 678 1426 praecipue
699 1338 772 1403 brec
796 1343 882 1402 suut:

442 1476 517 1543 Post
540 1476 654 1565 (verum
674 1477 763 1541 etium
784 1475 843 1541 sibi
863 1474 960 1540 filium
980 1475 1147 1563 adoptavit)
1167 1475 1240 1541 brec
1259 1474 1381 1541 deerant

398 1616 431 1680 iu
452 1614 531 1679 Mu:
552 1615 723 1681 emoriens
735 1616 770 1680 ic
785 1636 839 1679 ecc
860 1621 1039 1681 testamento
1049 1615 1152 1700 jussit
1167 1614 1381 1700 memfiboste,

397 1776 472 1839 quae
495 1753 568 1818 bene
590 1753 730 1839 repetiuit
753 1774 791 1818 ex
814 1751 877 1819 vito
900 1752 1017 1818 Graece
1038 1751 1337 1819 Pseudo-Ammonii.

442 1993 514 2080 Peg.
538 1996 589 2059 58.
612 1991 663 2059 Ad
692 1990 745 2057 illa
769 1989 873 2058 verbe:
900 1991 1017 2057 Iliacis
1039 1993 1209 2069 dictamen,
1240 1991 1378 2058 adnotat:

396 2140 524 2218 “poema
553 2153 572 2197 e
600 2128 730 2195 barbaris
764 2128 929 2196 vocabatur
952 2130 1119 2209 dictamen,
1142 2135 1179 2196 ut
1200 2135 1318 2196 constat
1340 2153 1378 2196 ex

398 2292 501 2337 eorum
524 2268 680 2356 scriptis„

441 2507 513 2596 Peg.
539 2512 589 2572 68.
612 2507 663 2572 Ad
684 2504 787 2573 verbe:
811 2506 899 2571 Sicut
918 2507 986 2591 ipse
1002 2507 1141 2573 declam
1157 2508 1282 2574 mittens
1298 2508 1376 2573 Pee-

396 2647 497 2733 lippo,
515 2644 588 2711 hoec
611 2643 717 2710 scribit
738 2644 931 2710 Nuunesius:
956 2645 1054 2710 “hoec
1077 2645 1166 2711 verba
1187 2669 1249 2712 non
1271 2647 1375 2735 legun·

395 2790 446 2849 tur
475 2784 508 2849 in
537 2782 611 2848 Cod.
636 2783 768 2849 Graeco:
799 2783 862 2865 (So.
884 2780 1172 2849 Pseudo-Ammouii
1195 2807 1248 2850 seu
1270 2784 1375 2851 Philo·

394 2923 479 3009 poni)
511 2921 565 2987 illc
598 2928 698 2987 tamen
730 2922 775 2987 sic
809 2922 935 3009 accipio,
964 2928 999 2987 ut
1032 2923 1158 2988 mittens
1192 2924 1232 2989 sit
1262 2923 1377 2989 Graece

396 3058 607 3126 ἐπιστέλλων.
618 3107 643 3139 ,,
662 3060 844 3126 Rectissime
863 3060 1008 3147 conjecit,
1030 3061 1111 3147 quod
1134 3062 1214 3150 cpnd
1236 3069 1374 3128 nostrum

394 3200 428 3264 in
449 3199 564 3265 Graeca
586 3200 649 3265 vita
670 3221 752 3264 nunc
775 3198 895 3286 legitur.

438 3439 511 3527 Peg.
543 3444 593 3505 75.
624 3439 721 3505 Pluto
752 3447 853 3505 actem
884 3447 977 3505 cctcc
989 3440 1067 3525 scit
1090 3441 1227 3507 Dictimo
1248 3442 1282 3506 in
1306 3440 1371 3507 MS.

393 3576 548 3665 legebatur
571 3579 725 3665 Dictpmo.

440 3829 514 3915 Peg.
539 3832 589 3893 83.
610 3828 659 3894 Ad
678 3828 745 3895 illc:
759 3828 846 3894 dicct
870 3828 1075 3897 Philochorus
1094 3832 1306 3910 hietorieeoit,
1327 3833 1373 3898 sio

393 3966 496 4034 hebet:
519 3968 595 4033 “Sic
617 3968 858 4047 emendavimus,
882 3989 951 4033 cum
975 3969 1008 4033 in
1030 3968 1095 4035 Mc.
1118 3969 1267 4057 legeretur
1288 3970 1368 4036 Pcr-

394 4107 514 4173 lotobcs.
544 4106 745 4173 Philochorus
776 4107 940 4174 historicus
971 4108 1156 4175 clarissimus
1185 4109 1246 4175 fuit
1275 4109 1370 4176 Athe·

392 4246 522 4324 nieuds,
542 4245 577 4310 de
599 4268 659 4333 quo
678 4246 802 4313 Suidas:
820 4248 848 4313 is
879 4248 1037 4335 scripserat
1056 4254 1171 4336 praeter
1191 4248 1250 4314 ulie
1271 4248 1371 4313 XVII

392 4384 486 4451 libros
508 4408 607 4452 rerum
629 4387 816 4467 Atticarum,
840 4388 894 4473 qui
916 4410 934 4453 c
956 4388 1063 4475 priscis
1088 4388 1286 4476 scriptoribus
1303 4413 1370 4478 pus·

393 4524 450 4589 sim
473 4524 613 4591 citantur.
