3417 5534
781 684 889 730 ιοσιο.
1285 670 1328 731 59

348 875 494 942 arbitrati
515 881 588 943 sumt
609 875 696 961 ipsos
718 881 754 940 ml
776 875 923 941 bominem
947 877 1146 943 immortalem
1165 885 1196 943 et
1215 900 1329 964 eqmmm.

350 1014 399 1081 le
428 1013 476 1080 his
509 1019 591 1103 patet
624 1015 828 1101 reponendum
860 1038 936 1094 essa,
972 1016 1053 1102 quod
1083 1017 1226 1097 fecimus,
1256 1013 1327 1084 aiom

348 1157 530 1237 ἄνθρωπον
554 1152 728 1218 ἀθάνατον
754 1155 809 1218 καὶ
834 1155 951 1219 ἵππον.
976 1155 1068 1228 Quod
1091 1155 1127 1219 ad
1151 1178 1213 1221 rem
1232 1156 1326 1243 ipsam

348 1292 472 1367 attinet,
504 1292 555 1357 vix
586 1290 710 1370 horum,
741 1298 776 1357 ut
807 1315 888 1358 nune
918 1295 1072 1380 leguntur,
1096 1295 1260 1381 quidquam
1283 1296 1328 1360 in·

347 1430 446 1519 telligi
478 1435 592 1517 potest:
623 1436 653 1496 et
683 1429 841 1519 biographi
876 1433 934 1519 ipsi
969 1432 1050 1498 hand
1084 1434 1158 1499 satis
1192 1433 1329 1499 Platonis

348 1568 394 1634 vel
428 1568 602 1635 Aristotelis
637 1568 858 1657 philosophiam
892 1570 1077 1637 intellexisse
1112 1571 1260 1637 videntur.
1295 1573 1329 1637 Si

349 1708 520 1795 oonjeotura
550 1709 650 1776 looum
674 1708 847 1787 emendare,
870 1716 905 1775 nt
930 1709 1045 1797 aliquid
1067 1710 1268 1799 intelligatur,
1291 1712 1328 1777 li·

348 1853 428 1924 oeat,
461 1847 575 1935 legam:
613 1850 668 1911 καὶ
700 1847 797 1912 ἄλλοι
828 1846 952 1912 olibam
983 1851 1129 1933 αἰσθητοὶ
1158 1849 1327 1937 ὑπέλαβον

349 1985 450 2061 αὐτάς
483 1987 514 2074 (i.
546 2009 569 2051 e
601 1989 659 2062 τὰς
692 1984 807 2073 ἰδέας).
840 1986 966 2055 Scilicet
988 1990 1041 2073 qui
1065 1991 1123 2063 τὰς
1147 1988 1236 2065 ἰδέας
1259 1989 1329 2055 Pla·

347 2126 444 2204 tonis,
468 2131 637 2211 quaesunt
661 2124 778 2204 meam,
803 2124 971 2189 ἀθάνατοι
983 2174 992 2204 ,
1018 2149 1079 2193 non
1103 2126 1327 2215 intelligebant,

348 2289 397 2333 aas
428 2288 497 2331 oum
528 2270 596 2339 τοῖς
626 2266 798 2347 αἰσθητοῖς
822 2265 1054 2351 permiscebant,
1077 2267 1152 2353 quin
1176 2272 1211 2332 ut
1234 2290 1328 2334 unum

348 2404 421 2491 quid
452 2404 591 2490 idemque
617 2402 782 2481 habebant,
803 2410 833 2469 et
857 2404 902 2469 sio
924 2405 961 2470 ad
983 2408 1166 2491 ἄνθρωπον
1193 2406 1328 2491 (αἴσθη-

349 2547 406 2609 τόν
431 2546 477 2627 τι)
500 2542 674 2607 ἀθάνατον
699 2540 821 2625 (mitam
842 2541 892 2631 τι)
913 2546 968 2607 καὶ
988 2545 1092 2610 ἵππον
1111 2544 1329 2632 perveniebant.
1444 2594 1456 2615 .

393 2820 471 2886 Ibid.
502 2819 572 2885 Lin.
598 2823 640 2885 23
665 2825 696 2887 et
719 2843 798 2906 seqq.
821 2820 873 2884 ὅτι
898 2822 960 2905 γάρ
985 2819 1022 2883 οὐ
1047 2818 1201 2906 βούλεται
1226 2820 1328 2897 αὐτάς

350 2964 542 3024 παντάπασι
572 2962 615 3041 μὴ
648 2950 734 3023 εἶναι
766 2956 863 3040 δηλοῖ
893 2959 928 3022 ἐν
961 2964 1029 3033 τοῖς
1059 2961 1191 3038 ἠθικοῖς
1223 2958 1328 3038 λέγων

324 3120 327 3125 ’
348 3096 367 3162 ὅ
382 3144 512 3161 ......
528 3090 614 3162 εἶναι
632 3100 691 3177 τὴν
709 3094 804 3171 τάξιν
822 3100 883 3178 τὴν
901 3099 960 3179 μὲν
975 3098 1010 3162 ἐν
1025 3103 1069 3180 τῷ
1084 3105 1253 3182 στρατηγῷ
1268 3103 1327 3181 τὴν

348 3235 383 3301 δι’
415 3237 450 3301 ἐν
483 3242 528 3319 τῷ
558 3232 768 3320 στρατοπέδῳ
794 3237 848 3298 καὶ
874 3236 986 3301 αἰτίαν
991 3283 1326 3299 ..............

350 3376 477 3438 ...καὶ
511 3374 545 3438 ἐν
579 3380 629 3456 τῇ.
662 3374 712 3438 Ita
742 3373 809 3438 MS.
843 3373 987 3461 Supplevi
1018 3371 1133 3455 διττὴν
1161 3383 1192 3439 et
1215 3376 1328 3441 αἰτίαν

349 3504 435 3577 εἶναι
467 3516 588 3594 ταύτης
620 3509 762 3595 ἐκείνην.
796 3511 868 3576 Vid.
892 3511 977 3577 Vens.
1002 3511 1039 3578 V.
1064 3512 1101 3577 L.
1124 3510 1176 3577 ubi
1199 3512 1330 3599 legimus

347 3651 500 3738 duplicem
524 3673 589 3716 οιιι
611 3652 744 3717 ordimem
768 3656 797 3716 et
818 3652 950 3717 alterum
969 3674 1034 3717 ιιιο
1054 3675 1177 3717 comeam
1189 3652 1329 3719 alterius.

349 3791 411 3857 Cfr.
444 3788 619 3856 Aristotelis
652 3788 784 3878 Metaph.
813 3789 871 3855 XI.
896 3793 947 3856 10.
973 3788 1187 3855 ἐπισκεπτέον
1212 3789 1247 3854 δὲ
1273 3794 1328 3855 καὶ

348 3926 491 4014 ποτέρως
521 3926 588 4013 ἔχει
620 3934 641 4009 ἡ
672 3934 729 3995 τοῦ
758 3926 837 3993 ὅλοιν
870 3934 963 4011 φάσις
994 3933 1031 3993 τὸ
1055 3929 1187 4005 οἰγαθὸν
1212 3932 1267 3992 uoci
1292 3933 1329 3993 τὸ

346 4070 497 4151 ἄριστον,
534 4070 671 4151 πότερον
707 4064 944 4151 κεχωρισμένον
979 4092 1011 4130 τι
1045 4068 1100 4130 καὶ
1134 4066 1214 4130 αὐτὸ
1248 4074 1328 4131 καθ’

348 4204 427 4269 αὑτὸ
457 4210 479 4286 ἦ
508 4208 568 4285 τὴν
593 4202 701 4283 τάξιν,
726 4210 747 4287 ἤ
771 4203 972 4291 ἀμφοτέρως,
999 4205 1105 4291 ὥσπερ
1130 4210 1326 4289 στράτευμα·

348 4346 403 4411 καὶ
435 4346 496 4429 γὰρ
528 4345 563 4409 ἐν
595 4352 636 4428 τῇ
665 4342 755 4419 τάξει
787 4347 823 4408 τὸ
858 4336 894 4409 εὖ
925 4347 980 4408 καὶ
1013 4347 1245 4429 όστρατηνὸς,
1272 4348 1326 4408 mal

347 4481 473 4567 μᾶλλον
506 4466 611 4557 οὗτος·
644 4480 681 4547 οὐ
717 4485 778 4568 γάρ
814 4466 908 4557 οὗτος
944 4481 1000 4547 διὰ
1033 4486 1092 4564 τὴν
1126 4480 1222 4557 τάξιν
1255 4480 1329 4546 a’tt’
