3417 5534
417 663 459 725 36
852 677 962 722 norro.

460 870 540 936 Ibid.
563 870 632 935 Irin.
657 873 708 935 16.
739 871 776 934 In
809 868 876 934 MS.
900 869 1063 954 Ἐρεσσὸς.
1088 867 1147 933 Sed
1171 867 1208 934 ab
1230 868 1298 933 aliis
1321 869 1397 933 seri·
1493 864 1498 869 ’
1595 961 1596 974 ¹

416 1009 499 1075 bitur
522 1010 666 1093 Ἐρισός,
692 1009 772 1095 quod
796 1008 1036 1096 praeferendum,
1059 1008 1128 1073 vide
1150 1007 1321 1073 Oellurium.

461 1274 540 1339 Ibid.
571 1274 715 1339 Lin.19.
748 1274 858 1338 πείθει
890 1274 947 1337 τὸν
980 1270 1212 1358 Ἀλέξανδρον
1245 1271 1395 1356 δειίτερον

419 1412 542 1487 κτίζειν
554 1461 564 1491 ,
599 1413 680 1498 quod
704 1412 754 1476 alii
779 1417 902 1478 narrant
920 1413 981 1497 jum
1006 1435 1024 1477 a
1045 1411 1202 1500 Philippo,
1226 1410 1397 1499 philosophi

418 1551 557 1637 precibus
581 1556 679 1626 moto,
703 1552 815 1615 factum
839 1573 910 1615 esse.

461 1802 541 1868 Ibid.
572 1804 641 1869 Lin.
668 1808 719 1869 20.
748 1807 799 1867 21.
832 1800 1063 1866 Καταδιδόναι
1087 1808 1117 1867 et
1139 1802 1397 1887 Κατημόρενσαν

418 1944 450 2007 in
473 1942 540 2007 MS.
565 1941 616 2007 sed
639 1964 692 2029 pro
717 1941 773 2008 hoo
797 1944 830 2006 in
855 1942 990 2029 margine
1013 1943 1290 2027 προσηγόρευσαν.

463 2195 535 2283 Peg.
560 2201 590 2262 5.
621 2195 690 2260 Lin.
715 2201 744 2260 9.
776 2197 865 2280 παρὰ
896 2194 989 2277 μίοιν.
1021 2195 1061 2259 In
1085 2194 1219 2282 margine
1241 2193 1308 2258 MS.
1330 2218 1398 2256 πα-

419 2336 541 2420 ρσιμίοι.

463 2586 541 2652 Ibid.
565 2587 634 2652 Lin.
660 2589 710 2652 10.
743 2584 798 2649 διὰ
824 2588 885 2671 γὰρ
911 2587 958 2650 τὸ.
985 2585 1153 2651 Delendum
1179 2584 1298 2650 videtur
1320 2592 1394 2670 γάρ.

463 2839 541 2905 Ibid.
572 2838 640 2903 Irin.
666 2842 717 2903 13.
750 2836 823 2901 οὐδὲ
850 2841 922 2902 τότε
946 2836 1138 2922 φιλοσοφεῖν
1162 2837 1394 2924 ἀποσχόμενος.

420 2978 486 3044 MS.
511 2978 606 3064 adjeci
630 2984 697 3043 τοῦ.

465 3228 545 3293 Ibid.
575 3228 644 3293 Lin.
669 3234 719 3294 25.
751 3227 798 3292 ot
830 3231 892 3314 γὰρ
924 3230 967 3304 ὡς
991 3228 1226 3314 Ἀριστόξενος
1249 3230 1395 3315 ὕστερον.

421 3367 617 3434 scribendum
643 3370 777 3435 videtur:
801 3368 837 3431 οὐ
864 3371 925 3453 γὰρ
948 3370 992 3443 ὥς
1012 3368 1246 3454 Ἀριστόξενος
1265 3369 1396 3454 ἱστορεῖ,

422 3510 476 3570 καί
508 3505 728 3591 Ἀριστοκλῆς
759 3507 905 3592 ὕστερον.
943 3507 1023 3572 Vide
1053 3530 1142 3595 supra
1175 3531 1242 3597 pag.
1274 3512 1309 3587 3,
1332 3514 1397 3574 tum

421 3668 469 3724 ea,
499 3668 575 3731 quae
606 3646 642 3710 ad
673 3645 758 3710 illum
790 3645 889 3711 locum
918 3647 1099 3713 notavimus.
1123 3646 1280 3714 Caeterum
1304 3671 1397 3733 quum

421 3792 451 3851 et
480 3785 682 3851 Aristoxenus
713 3790 743 3850 et
773 3784 957 3862 Aristocles,
980 3786 1061 3852 sieut
1083 3785 1125 3851 ibi
1148 3787 1331 3853 testimoniis
1352 3787 1398 3853 lu·

422 3924 551 3991 eulentis
581 3924 738 3990 ostendere
767 3946 871 3990 sumus
903 3926 1019 4003 eonati,
1050 3948 1111 3990 non
1142 3925 1400 4013 reprehenderint,

422 4063 473 4129 sed
509 4087 695 4152 summopere
729 4065 918 4130 laudaverint
952 4064 1178 4154 philosophum,
1212 4065 1284 4131 inde
1318 4070 1401 4153 patet

422 4224 509 4288 qnam
534 4204 640 4269 misere
662 4209 798 4270 auctores
822 4204 927 4269 hurum
953 4206 1082 4271 vitarum
1105 4228 1166 4270 rem
1190 4227 1273 4269 suam
1293 4210 1398 4292 agant,

422 4364 529 4430 nempe
558 4344 746 4425 όμωνιίμοος
778 4344 1013 4422 confundentes,
1043 4349 1112 4433 apta
1138 4350 1169 4410 et
1192 4345 1308 4432 inepta,
1332 4367 1401 4411 veru

421 4488 450 4547 et
472 4482 547 4547 falsa
571 4484 744 4562 miscentes,
766 4483 916 4569 ἀκρισίας
940 4484 1081 4550 ministri.
