<?xml version="1.0" encoding="UTF-8"?>
<!DOCTYPE html PUBLIC "-//W3C//DTD XHTML 1.0 Transitional//EN"
    "http://www.w3.org/TR/xhtml1/DTD/xhtml1-transitional.dtd">
<html xmlns="http://www.w3.org/1999/xhtml" xml:lang="en" lang="en">
 <head>
  <title>
</title>
<meta http-equiv="Content-Type" content="text/html;charset=utf-8" />
  <meta name='ocr-system' content='tesseract 3.04.00' />
  <meta name='ocr-capabilities' content='ocr_page ocr_carea ocr_par ocr_line ocrx_word'/>
</head>
<body>
  <div class='ocr_page' id='page_1' title='image "./vitaaristotelis00hermgoog_0057.png"; bbox 0 0 3417 5534; ppageno 0'>
   <div class='ocr_carea' id='block_1_1' title="bbox 756 687 1300 747">
    <p class='ocr_par' dir='ltr' id='par_1_1' title="bbox 756 687 1300 747">
     <span class='ocr_line' id='line_1_1' title="bbox 756 687 1300 747; baseline 0.004 -2"><span class='ocrx_word' id='word_1_1' title='bbox 756 700 865 747; x_wconf 77' lang='grc' dir='ltr'><strong><em>αοτιτ.</em></strong></span> <span class='ocrx_word' id='word_1_2' title='bbox 1261 687 1300 747; x_wconf 82' lang='lat'><strong><em>37</em></strong></span> 
     </span>
    </p>
   </div>
   <div class='ocr_carea' id='block_1_2' title="bbox 323 891 1303 1257">
    <p class='ocr_par' dir='ltr' id='par_1_2' title="bbox 323 891 1303 1257">
     <span class='ocr_line' id='line_1_2' title="bbox 367 891 1301 983; baseline -0.001 -23"><span class='ocrx_word' id='word_1_3' title='bbox 367 895 439 983; x_wconf 80' lang='lat' dir='ltr'><strong>Pag.</strong></span> <span class='ocrx_word' id='word_1_4' title='bbox 464 899 493 959; x_wconf 89' lang='lat'><strong><em>6.</em></strong></span> <span class='ocrx_word' id='word_1_5' title='bbox 524 893 593 959; x_wconf 86' lang='lat' dir='ltr'><strong>Lin.</strong></span> <span class='ocrx_word' id='word_1_6' title='bbox 618 897 647 959; x_wconf 89' lang='lat'><strong><em>1.</em></strong></span> <span class='ocrx_word' id='word_1_7' title='bbox 677 895 695 956; x_wconf 84' lang='grc' dir='ltr'><em>ὁ</em></span> <span class='ocrx_word' id='word_1_8' title='bbox 724 891 953 979; x_wconf 85' lang='grc' dir='ltr'><strong><em>Αριστοτέλης</em></strong></span> <span class='ocrx_word' id='word_1_9' title='bbox 987 893 1301 978; x_wconf 74' lang='grc' dir='ltr'><em>καταπεπληγμένος</em></span> 
     </span>
     <span class='ocr_line' id='line_1_3' title="bbox 323 1031 1302 1121; baseline 0.001 -25"><span class='ocrx_word' id='word_1_10' title='bbox 323 1031 503 1097; x_wconf 83' lang='grc' dir='ltr'><strong><em>Πλάτωνα.</em></strong></span> <span class='ocrx_word' id='word_1_11' title='bbox 548 1032 596 1097; x_wconf 87' lang='lat' dir='ltr'><strong><em>De</em></strong></span> <span class='ocrx_word' id='word_1_12' title='bbox 630 1032 770 1121; x_wconf 83' lang='lat' dir='ltr'>discipuli</span> <span class='ocrx_word' id='word_1_13' title='bbox 805 1055 876 1120; x_wconf 84' lang='lat' dir='ltr'>erga</span> <span class='ocrx_word' id='word_1_14' title='bbox 909 1033 1086 1121; x_wconf 76' lang='lat' dir='ltr'>magistrum</span> <span class='ocrx_word' id='word_1_15' title='bbox 1122 1034 1302 1110; x_wconf 75' lang='lat' dir='ltr'>reverentia,</span> 
     </span>
     <span class='ocr_line' id='line_1_4' title="bbox 323 1171 1303 1257; baseline 0 -20"><span class='ocrx_word' id='word_1_16' title='bbox 323 1178 388 1237; x_wconf 80' lang='lat' dir='ltr'><strong><em>tum</em></strong></span> <span class='ocrx_word' id='word_1_17' title='bbox 420 1171 456 1235; x_wconf 88' lang='lat' dir='ltr'><strong><em>de</em></strong></span> <span class='ocrx_word' id='word_1_18' title='bbox 477 1171 532 1249; x_wconf 81' lang='lat' dir='ltr'>iis,</span> <span class='ocrx_word' id='word_1_19' title='bbox 560 1172 612 1257; x_wconf 87' lang='lat' dir='ltr'><strong><em>qui</em></strong></span> <span class='ocrx_word' id='word_1_20' title='bbox 636 1193 706 1237; x_wconf 83' lang='lat' dir='ltr'><strong><em>mox</em></strong></span> <span class='ocrx_word' id='word_1_21' title='bbox 730 1175 898 1257; x_wconf 80' lang='lat' dir='ltr'>sequuntur</span> <span class='ocrx_word' id='word_1_22' title='bbox 921 1195 1040 1252; x_wconf 79' lang='lat' dir='ltr'>versus,</span> <span class='ocrx_word' id='word_1_23' title='bbox 1063 1173 1132 1239; x_wconf 68' lang='grc' dir='ltr'><strong><em>οἷον.</em></strong></span> <span class='ocrx_word' id='word_1_24' title='bbox 1153 1194 1229 1257; x_wconf 81' lang='lat' dir='ltr'><strong>quae</strong></span> <span class='ocrx_word' id='word_1_25' title='bbox 1251 1195 1303 1237; x_wconf 78' lang='lat' dir='ltr'><strong><em>su-</em></strong></span> 
     </span>
    </p>
   </div>
   <div class='ocr_carea' id='block_1_3' title="bbox 322 1314 605 1398">
    <p class='ocr_par' dir='ltr' id='par_1_3' title="bbox 322 1314 605 1398">
     <span class='ocr_line' id='line_1_5' title="bbox 322 1314 605 1398; baseline -0.004 -22"><span class='ocrx_word' id='word_1_26' title='bbox 322 1332 376 1398; x_wconf 79' lang='lat' dir='ltr'><strong><em>pra</em></strong></span> <span class='ocrx_word' id='word_1_27' title='bbox 399 1315 469 1377; x_wconf 83' lang='lat' dir='ltr'><strong>sunt</strong></span> <span class='ocrx_word' id='word_1_28' title='bbox 493 1314 605 1375; x_wconf 79' lang='lat' dir='ltr'><strong>notata.</strong></span> 
     </span>
    </p>
   </div>
   <div class='ocr_carea' id='block_1_4' title="bbox 367 1586 1302 1663">
    <p class='ocr_par' dir='ltr' id='par_1_4' title="bbox 367 1586 1302 1663">
     <span class='ocr_line' id='line_1_6' title="bbox 367 1586 1302 1663; baseline 0 -11"><span class='ocrx_word' id='word_1_29' title='bbox 367 1586 445 1654; x_wconf 89' lang='lat' dir='ltr'><strong>lbid.</strong></span> <span class='ocrx_word' id='word_1_30' title='bbox 468 1588 537 1655; x_wconf 84' lang='lat' dir='ltr'><strong>Lin.</strong></span> <span class='ocrx_word' id='word_1_31' title='bbox 561 1592 590 1653; x_wconf 90' lang='lat'><strong><em>8.</em></strong></span> <span class='ocrx_word' id='word_1_32' title='bbox 614 1588 682 1654; x_wconf 84' lang='lat' dir='ltr'><strong><em>MS.</em></strong></span> <span class='ocrx_word' id='word_1_33' title='bbox 706 1597 946 1663; x_wconf 75' lang='grc' dir='ltr'><strong><em>κοινωνοῦντας</em></strong></span> <span class='ocrx_word' id='word_1_34' title='bbox 972 1588 1006 1653; x_wconf 81' lang='grc' dir='ltr'><strong><em>δὲ</em></strong></span> <span class='ocrx_word' id='word_1_35' title='bbox 1032 1590 1100 1653; x_wconf 76' lang='grc' dir='ltr'><strong><em>καὶ.</em></strong></span> <span class='ocrx_word' id='word_1_36' title='bbox 1127 1589 1207 1655; x_wconf 79' lang='lat' dir='ltr'>Dedi</span> <span class='ocrx_word' id='word_1_37' title='bbox 1232 1613 1302 1652; x_wconf 86' lang='grc' dir='ltr'><strong><em>ιιοι-</em></strong></span> 
     </span>
    </p>
   </div>
   <div class='ocr_carea' id='block_1_5' title="bbox 325 1725 746 1801">
    <p class='ocr_par' dir='ltr' id='par_1_5' title="bbox 325 1725 746 1801">
     <span class='ocr_line' id='line_1_7' title="bbox 325 1725 746 1801; baseline -0.012 -8"><span class='ocrx_word' id='word_1_38' title='bbox 325 1729 529 1801; x_wconf 76' lang='grc' dir='ltr'><strong><em>νωνοῦντας.’</em></strong></span> <span class='ocrx_word' id='word_1_39' title='bbox 550 1730 594 1789; x_wconf 80' lang='grc' dir='ltr'><strong><em>Εἰ</em></strong></span> <span class='ocrx_word' id='word_1_40' title='bbox 618 1725 652 1791; x_wconf 80' lang='grc' dir='ltr'><strong><em>δέ</em></strong></span> <span class='ocrx_word' id='word_1_41' title='bbox 679 1728 746 1790; x_wconf 77' lang='grc' dir='ltr'><strong><em>καὶ.</em></strong></span> 
     </span>
    </p>
   </div>
   <div class='ocr_carea' id='block_1_6' title="bbox 369 2001 1305 2087">
    <p class='ocr_par' dir='ltr' id='par_1_6' title="bbox 369 2001 1305 2087">
     <span class='ocr_line' id='line_1_8' title="bbox 369 2001 1305 2087; baseline -0.001 -17"><span class='ocrx_word' id='word_1_42' title='bbox 369 2003 447 2070; x_wconf 88' lang='lat' dir='ltr'><strong>Ibid.</strong></span> <span class='ocrx_word' id='word_1_43' title='bbox 477 2004 547 2069; x_wconf 90' lang='lat' dir='ltr'><strong>Lin.</strong></span> <span class='ocrx_word' id='word_1_44' title='bbox 573 2007 622 2069; x_wconf 87' lang='lat'><strong><em>10.</em></strong></span> <span class='ocrx_word' id='word_1_45' title='bbox 652 2001 797 2068; x_wconf 81' lang='grc' dir='ltr'><strong><em>Πλάτων</em></strong></span> <span class='ocrx_word' id='word_1_46' title='bbox 829 2008 890 2087; x_wconf 82' lang='grc' dir='ltr'><strong><em>γάρ</em></strong></span> <span class='ocrx_word' id='word_1_47' title='bbox 923 2005 1011 2069; x_wconf 78' lang='grc' dir='ltr'><strong><em>ἔστιν</em></strong></span> <span class='ocrx_word' id='word_1_48' title='bbox 1036 2006 1054 2067; x_wconf 84' lang='grc' dir='ltr'>ό</span> <span class='ocrx_word' id='word_1_49' title='bbox 1077 2001 1193 2082; x_wconf 81' lang='grc' dir='ltr'><strong><em>λέγων.</em></strong></span> <span class='ocrx_word' id='word_1_50' title='bbox 1224 2003 1305 2069; x_wconf 83' lang='lat' dir='ltr'><strong>Vide</strong></span> 
     </span>
    </p>
   </div>
   <div class='ocr_carea' id='block_1_7' title="bbox 324 2140 1304 2503">
    <p class='ocr_par' dir='ltr' id='par_1_7' title="bbox 324 2140 1304 2503">
     <span class='ocr_line' id='line_1_9' title="bbox 324 2140 1303 2225; baseline -0.004 -17"><span class='ocrx_word' id='word_1_51' title='bbox 324 2143 434 2209; x_wconf 80' lang='lat' dir='ltr'><strong>Phaed.</strong></span> <span class='ocrx_word' id='word_1_52' title='bbox 460 2147 510 2208; x_wconf 79' lang='lat'><strong><em>91.</em></strong></span> <span class='ocrx_word' id='word_1_53' title='bbox 535 2141 569 2207; x_wconf 85' lang='lat' dir='ltr'><strong><em>O.</em></strong></span> <span class='ocrx_word' id='word_1_54' title='bbox 593 2144 685 2225; x_wconf 75' lang='grc' dir='ltr'><strong><em>ὑμεῖς</em></strong></span> <span class='ocrx_word' id='word_1_55' title='bbox 709 2140 836 2225; x_wconf 83' lang='grc' dir='ltr'><strong><em>μέντοι,</em></strong></span> <span class='ocrx_word' id='word_1_56' title='bbox 861 2145 904 2207; x_wconf 76' lang='grc' dir='ltr'><strong><em>ἂν</em></strong></span> <span class='ocrx_word' id='word_1_57' title='bbox 931 2144 1000 2224; x_wconf 77' lang='grc' dir='ltr'><strong><em>ἐμοὶ</em></strong></span> <span class='ocrx_word' id='word_1_58' title='bbox 1026 2142 1202 2225; x_wconf 76' lang='grc' dir='ltr'><strong><em>πείθησθε,</em></strong></span> <span class='ocrx_word' id='word_1_59' title='bbox 1230 2164 1303 2224; x_wconf 83' lang='grc' dir='ltr'><strong><em>σμι-</em></strong></span> 
     </span>
     <span class='ocr_line' id='line_1_10' title="bbox 327 2278 1304 2366; baseline -0.001 -21"><span class='ocrx_word' id='word_1_60' title='bbox 327 2284 403 2366; x_wconf 83' lang='grc' dir='ltr'><strong><em>κρὸν</em></strong></span> <span class='ocrx_word' id='word_1_61' title='bbox 428 2281 663 2366; x_wconf 70' lang='grc' dir='ltr'><strong><em>φροντίσαντες</em></strong></span> <span class='ocrx_word' id='word_1_62' title='bbox 684 2285 895 2366; x_wconf 80' lang='grc' dir='ltr'><strong><em>Σωκράτους,</em></strong></span> <span class='ocrx_word' id='word_1_63' title='bbox 918 2287 973 2361; x_wconf 82' lang='grc' dir='ltr'><strong><em>τῆς</em></strong></span> <span class='ocrx_word' id='word_1_64' title='bbox 995 2280 1025 2345; x_wconf 79' lang='grc' dir='ltr'><strong><em>δ’</em></strong></span> <span class='ocrx_word' id='word_1_65' title='bbox 1039 2279 1200 2365; x_wconf 73' lang='grc' dir='ltr'><strong><em>ἀληθείας</em></strong></span> <span class='ocrx_word' id='word_1_66' title='bbox 1220 2278 1304 2344; x_wconf 78' lang='grc' dir='ltr'><strong><em>πολύ</em></strong></span> 
     </span>
     <span class='ocr_line' id='line_1_11' title="bbox 327 2418 1304 2503; baseline 0 -19"><span class='ocrx_word' id='word_1_67' title='bbox 327 2418 466 2503; x_wconf 85' lang='grc' dir='ltr'><strong><em>μᾶλλον,</em></strong></span> <span class='ocrx_word' id='word_1_68' title='bbox 494 2422 551 2484; x_wconf 73' lang='grc' dir='ltr'><strong><em>ἐὰν</em></strong></span> <span class='ocrx_word' id='word_1_69' title='bbox 575 2419 635 2503; x_wconf 85' lang='grc' dir='ltr'><strong><em>μέν</em></strong></span> <span class='ocrx_word' id='word_1_70' title='bbox 660 2445 691 2484; x_wconf 91' lang='grc' dir='ltr'><strong><em>τι</em></strong></span> <span class='ocrx_word' id='word_1_71' title='bbox 715 2421 792 2503; x_wconf 82' lang='grc' dir='ltr'><strong><em>ὑμῖν</em></strong></span> <span class='ocrx_word' id='word_1_72' title='bbox 818 2418 903 2484; x_wconf 80' lang='grc' dir='ltr'><strong><em>δοκῶ</em></strong></span> <span class='ocrx_word' id='word_1_73' title='bbox 928 2418 1052 2503; x_wconf 80' lang='grc' dir='ltr'><strong><em>οέληθές</em></strong></span> <span class='ocrx_word' id='word_1_74' title='bbox 1076 2418 1198 2499; x_wconf 77' lang='grc' dir='ltr'><strong><em>λέγειν,</em></strong></span> <span class='ocrx_word' id='word_1_75' title='bbox 1223 2418 1304 2494; x_wconf 83' lang='grc' dir='ltr'><strong><em>ξον-</em></strong></span> 
     </span>
    </p>
   </div>
   <div class='ocr_carea' id='block_1_8' title="bbox 326 2558 929 2642">
    <p class='ocr_par' dir='ltr' id='par_1_8' title="bbox 326 2558 929 2642">
     <span class='ocr_line' id='line_1_12' title="bbox 326 2558 929 2642; baseline -0.003 -19"><span class='ocrx_word' id='word_1_76' title='bbox 326 2558 585 2642; x_wconf 76' lang='grc' dir='ltr'><strong><em>ομολονήσαοθτ,</em></strong></span> <span class='ocrx_word' id='word_1_77' title='bbox 605 2561 640 2623; x_wconf 75' lang='grc' dir='ltr'><strong><em>ἐἴ</em></strong></span> <span class='ocrx_word' id='word_1_78' title='bbox 664 2558 698 2622; x_wconf 78' lang='grc' dir='ltr'><strong><em>δέ</em></strong></span> <span class='ocrx_word' id='word_1_79' title='bbox 723 2563 765 2641; x_wconf 83' lang='grc' dir='ltr'><strong><em>μὴ</em></strong></span> <span class='ocrx_word' id='word_1_80' title='bbox 791 2585 821 2623; x_wconf 86' lang='grc' dir='ltr'><strong><em>ιι.</em></strong></span> <span class='ocrx_word' id='word_1_81' title='bbox 847 2584 877 2622; x_wconf 89' lang='grc' dir='ltr'><strong><em>τ.</em></strong></span> <span class='ocrx_word' id='word_1_82' title='bbox 903 2563 929 2621; x_wconf 78' lang='grc' dir='ltr'><strong><em>ἑ.</em></strong></span> 
     </span>
    </p>
   </div>
   <div class='ocr_carea' id='block_1_9' title="bbox 327 2833 1304 3199">
    <p class='ocr_par' dir='ltr' id='par_1_9' title="bbox 327 2833 1304 3199">
     <span class='ocr_line' id='line_1_13' title="bbox 369 2833 1304 2920; baseline -0.006 -17"><span class='ocrx_word' id='word_1_83' title='bbox 369 2836 447 2903; x_wconf 85' lang='lat' dir='ltr'>Ibid.</span> <span class='ocrx_word' id='word_1_84' title='bbox 471 2836 540 2901; x_wconf 85' lang='lat' dir='ltr'><strong>Lin.</strong></span> <span class='ocrx_word' id='word_1_85' title='bbox 566 2839 616 2901; x_wconf 75' lang='lat'><strong><em>12.</em></strong></span> <span class='ocrx_word' id='word_1_86' title='bbox 641 2838 722 2914; x_wconf 83' lang='grc' dir='ltr'><strong><em>Καὶ,</em></strong></span> <span class='ocrx_word' id='word_1_87' title='bbox 746 2834 874 2913; x_wconf 75' lang='grc' dir='ltr'><strong><em>“ἒ’γωγι</em></strong></span> <span class='ocrx_word' id='word_1_88' title='bbox 896 2834 1005 2899; x_wconf 72' lang='grc' dir='ltr'><strong><em>οὐδενὶ</em></strong></span> <span class='ocrx_word' id='word_1_89' title='bbox 1025 2833 1118 2917; x_wconf 82' lang='grc' dir='ltr'><strong><em>ἄλλῳ</em></strong></span> <span class='ocrx_word' id='word_1_90' title='bbox 1136 2839 1304 2920; x_wconf 76' lang='grc' dir='ltr'><strong><em>πρόθυμός</em></strong></span> 
     </span>
     <span class='ocr_line' id='line_1_14' title="bbox 328 2967 1303 3055; baseline -0.004 -14"><span class='ocrx_word' id='word_1_91' title='bbox 328 3003 358 3041; x_wconf 86' lang='grc' dir='ltr'><strong><em>κ.</em></strong></span> <span class='ocrx_word' id='word_1_92' title='bbox 391 3002 420 3041; x_wconf 88' lang='grc' dir='ltr'><strong><em>τ.</em></strong></span> <span class='ocrx_word' id='word_1_93' title='bbox 451 2980 512 3055; x_wconf 80' lang='grc' dir='ltr'><strong><em>έ.,,</em></strong></span> <span class='ocrx_word' id='word_1_94' title='bbox 546 2975 607 3040; x_wconf 83' lang='lat' dir='ltr'><strong>Ofr.</strong></span> <span class='ocrx_word' id='word_1_95' title='bbox 640 2974 727 3040; x_wconf 74' lang='lat' dir='ltr'>Crito</span> <span class='ocrx_word' id='word_1_96' title='bbox 750 2978 802 3039; x_wconf 75' lang='lat'><strong><em>40.</em></strong></span> <span class='ocrx_word' id='word_1_97' title='bbox 825 2975 862 3040; x_wconf 90' lang='lat' dir='ltr'><strong><em>B.</em></strong></span> <span class='ocrx_word' id='word_1_98' title='bbox 887 2972 951 3052; x_wconf 71' lang='grc' dir='ltr'><strong><em>ἐγὼ</em></strong></span> <span class='ocrx_word' id='word_1_99' title='bbox 977 2977 1122 3047; x_wconf 81' lang='grc' dir='ltr'><strong><em>τοιοῦτος</em></strong></span> <span class='ocrx_word' id='word_1_100' title='bbox 1146 2967 1213 3047; x_wconf 82' lang='grc' dir='ltr'><strong><em>οἷος</em></strong></span> <span class='ocrx_word' id='word_1_101' title='bbox 1238 2975 1303 3037; x_wconf 81' lang='grc' dir='ltr'><strong><em>τῶν</em></strong></span> 
     </span>
     <span class='ocr_line' id='line_1_15' title="bbox 327 3110 1303 3199; baseline -0.005 -21"><span class='ocrx_word' id='word_1_102' title='bbox 327 3118 412 3199; x_wconf 78' lang='grc' dir='ltr'><strong><em>ἐμῶν</em></strong></span> <span class='ocrx_word' id='word_1_103' title='bbox 435 3113 550 3198; x_wconf 69' lang='grc' dir='ltr'><strong><em>μηδςνὶ</em></strong></span> <span class='ocrx_word' id='word_1_104' title='bbox 575 3111 667 3196; x_wconf 84' lang='grc' dir='ltr'><strong><em>ἄλλῳ</em></strong></span> <span class='ocrx_word' id='word_1_105' title='bbox 691 3114 873 3177; x_wconf 74' lang='grc' dir='ltr'><strong><em>πείθεσθαι</em></strong></span> <span class='ocrx_word' id='word_1_106' title='bbox 897 3118 918 3195; x_wconf 80' lang='grc' dir='ltr'><em>ἤ</em></span> <span class='ocrx_word' id='word_1_107' title='bbox 941 3120 985 3197; x_wconf 79' lang='grc' dir='ltr'><strong><em>τῷ</em></strong></span> <span class='ocrx_word' id='word_1_108' title='bbox 1010 3110 1109 3195; x_wconf 78' lang='grc' dir='ltr'><strong><em>λόγῳ,</em></strong></span> <span class='ocrx_word' id='word_1_109' title='bbox 1133 3113 1167 3186; x_wconf 86' lang='grc' dir='ltr'><strong><em>ὃς</em></strong></span> <span class='ocrx_word' id='word_1_110' title='bbox 1187 3115 1231 3176; x_wconf 83' lang='grc' dir='ltr'><strong><em>ἄν</em></strong></span> <span class='ocrx_word' id='word_1_111' title='bbox 1249 3136 1303 3193; x_wconf 89' lang='grc' dir='ltr'><strong><em>μοι</em></strong></span> 
     </span>
    </p>
   </div>
   <div class='ocr_carea' id='block_1_10' title="bbox 328 3251 917 3340">
    <p class='ocr_par' dir='ltr' id='par_1_10' title="bbox 328 3251 917 3340">
     <span class='ocr_line' id='line_1_16' title="bbox 328 3251 917 3340; baseline -0.008 -21"><span class='ocrx_word' id='word_1_112' title='bbox 328 3252 528 3337; x_wconf 73' lang='grc' dir='ltr'><strong><em>λογιζομένῳ</em></strong></span> <span class='ocrx_word' id='word_1_113' title='bbox 552 3251 721 3340; x_wconf 77' lang='grc' dir='ltr'><strong><em>βέλτιστος</em></strong></span> <span class='ocrx_word' id='word_1_114' title='bbox 745 3252 917 3337; x_wconf 81' lang='grc' dir='ltr'><strong><em>φαίνηται.</em></strong></span> 
     </span>
    </p>
   </div>
   <div class='ocr_carea' id='block_1_11' title="bbox 326 3524 1305 3733">
    <p class='ocr_par' dir='ltr' id='par_1_11' title="bbox 326 3524 1305 3733">
     <span class='ocr_line' id='line_1_17' title="bbox 371 3524 1305 3616; baseline -0.006 -21"><span class='ocrx_word' id='word_1_115' title='bbox 371 3529 449 3595; x_wconf 86' lang='lat' dir='ltr'>Ibid.</span> <span class='ocrx_word' id='word_1_116' title='bbox 474 3530 542 3596; x_wconf 85' lang='lat' dir='ltr'>Lin.</span> <span class='ocrx_word' id='word_1_117' title='bbox 569 3534 619 3597; x_wconf 81' lang='lat'><strong><em>17.</em></strong></span> <span class='ocrx_word' id='word_1_118' title='bbox 638 3529 763 3596; x_wconf 70' lang='lat' dir='ltr'><strong>correxi</strong></span> <span class='ocrx_word' id='word_1_119' title='bbox 783 3527 1015 3615; x_wconf 80' lang='grc' dir='ltr'><strong><em>ὑπολαβόντας</em></strong></span> <span class='ocrx_word' id='word_1_120' title='bbox 1035 3549 1089 3616; x_wconf 83' lang='lat' dir='ltr'><strong><em>pro</em></strong></span> <span class='ocrx_word' id='word_1_121' title='bbox 1102 3524 1305 3610; x_wconf 77' lang='grc' dir='ltr'><strong><em>ἐκλαβόντας</em></strong></span> 
     </span>
     <span class='ocr_line' id='line_1_18' title="bbox 326 3668 448 3733; baseline 0 0"><span class='ocrx_word' id='word_1_122' title='bbox 326 3669 359 3733; x_wconf 89' lang='lat' dir='ltr'><strong><em>in</em></strong></span> <span class='ocrx_word' id='word_1_123' title='bbox 381 3668 448 3733; x_wconf 80' lang='lat' dir='ltr'><strong><em>MS.</em></strong></span> 
     </span>
    </p>
   </div>
   <div class='ocr_carea' id='block_1_12' title="bbox 327 3941 1305 4447">
    <p class='ocr_par' dir='ltr' id='par_1_12' title="bbox 327 3941 1305 4447">
     <span class='ocr_line' id='line_1_19' title="bbox 373 3941 1304 4028; baseline -0.005 -18"><span class='ocrx_word' id='word_1_124' title='bbox 373 3944 451 4011; x_wconf 87' lang='lat' dir='ltr'><strong>Ibid.</strong></span> <span class='ocrx_word' id='word_1_125' title='bbox 474 3944 544 4009; x_wconf 86' lang='lat' dir='ltr'><strong>Lin.</strong></span> <span class='ocrx_word' id='word_1_126' title='bbox 570 3947 620 4009; x_wconf 92' lang='grc'><strong><em>17.</em></strong></span> <span class='ocrx_word' id='word_1_127' title='bbox 644 3945 687 4018; x_wconf 84' lang='grc' dir='ltr'><strong><em>ὠς</em></strong></span> <span class='ocrx_word' id='word_1_128' title='bbox 709 3946 763 4006; x_wconf 80' lang='grc' dir='ltr'><strong><em>καὶ</em></strong></span> <span class='ocrx_word' id='word_1_129' title='bbox 785 3944 859 4007; x_wconf 80' lang='grc' dir='ltr'><strong><em>τὸν</em></strong></span> <span class='ocrx_word' id='word_1_130' title='bbox 875 3990 982 4013; x_wconf 77' lang='grc'><strong>.....</strong></span> <span class='ocrx_word' id='word_1_131' title='bbox 997 3946 1054 4008; x_wconf 89' lang='grc' dir='ltr'><strong><em>τὸν</em></strong></span> <span class='ocrx_word' id='word_1_132' title='bbox 1076 3945 1131 4006; x_wconf 78' lang='grc' dir='ltr'><strong><em>τοῦ</em></strong></span> <span class='ocrx_word' id='word_1_133' title='bbox 1152 3941 1304 4028; x_wconf 79' lang='grc' dir='ltr'><strong><em>οὐρανοῦ.</em></strong></span> 
     </span>
     <span class='ocr_line' id='line_1_20' title="bbox 327 4080 1305 4169; baseline -0.005 -17"><span class='ocrx_word' id='word_1_134' title='bbox 327 4086 389 4152; x_wconf 78' lang='lat' dir='ltr'><strong>cfr.</strong></span> <span class='ocrx_word' id='word_1_135' title='bbox 422 4083 601 4150; x_wconf 77' lang='lat' dir='ltr'><strong>Aristoteles</strong></span> <span class='ocrx_word' id='word_1_136' title='bbox 634 4084 670 4148; x_wconf 86' lang='lat' dir='ltr'><strong><em>de</em></strong></span> <span class='ocrx_word' id='word_1_137' title='bbox 701 4083 783 4148; x_wconf 77' lang='lat' dir='ltr'>coelo</span> <span class='ocrx_word' id='word_1_138' title='bbox 805 4084 848 4147; x_wconf 91' lang='grc' dir='ltr'><strong><em>Π.</em></strong></span> <span class='ocrx_word' id='word_1_139' title='bbox 876 4082 1001 4148; x_wconf 83' lang='lat' dir='ltr'>1.1nit.</span> <span class='ocrx_word' id='word_1_140' title='bbox 1028 4080 1190 4169; x_wconf 83' lang='grc' dir='ltr'><strong><em>(οὐρανός)</em></strong></span> <span class='ocrx_word' id='word_1_141' title='bbox 1216 4080 1305 4147; x_wconf 77' lang='grc' dir='ltr'><strong><em>ἐστιν</em></strong></span> 
     </span>
     <span class='ocr_line' id='line_1_21' title="bbox 327 4220 1304 4306; baseline 0 -21"><span class='ocrx_word' id='word_1_142' title='bbox 327 4223 500 4287; x_wconf 72' lang='grc' dir='ltr'><strong><em>ἀθάνατόν</em></strong></span> <span class='ocrx_word' id='word_1_143' title='bbox 534 4247 565 4285; x_wconf 91' lang='grc' dir='ltr'><strong><em>τι</em></strong></span> <span class='ocrx_word' id='word_1_144' title='bbox 598 4223 653 4284; x_wconf 83' lang='grc' dir='ltr'><strong><em>ιιαὶ</em></strong></span> <span class='ocrx_word' id='word_1_145' title='bbox 686 4226 780 4286; x_wconf 76' lang='grc' dir='ltr'><strong><em>θεῖον</em></strong></span> <span class='ocrx_word' id='word_1_146' title='bbox 807 4223 880 4285; x_wconf 81' lang='grc' dir='ltr'><strong><em>’τῶν</em></strong></span> <span class='ocrx_word' id='word_1_147' title='bbox 910 4222 1051 4306; x_wconf 79' lang='grc' dir='ltr'><strong><em>ἐχόντων</em></strong></span> <span class='ocrx_word' id='word_1_148' title='bbox 1075 4223 1135 4301; x_wconf 81' lang='grc' dir='ltr'><strong><em>μέν</em></strong></span> <span class='ocrx_word' id='word_1_149' title='bbox 1161 4220 1304 4303; x_wconf 82' lang='grc' dir='ltr'><strong><em>κίνησιν,</em></strong></span> 
     </span>
     <span class='ocr_line' id='line_1_22' title="bbox 329 4352 1304 4447; baseline -0.002 -23"><span class='ocrx_word' id='word_1_150' title='bbox 329 4364 470 4447; x_wconf 78' lang='grc' dir='ltr'><strong><em>ἐχόντων</em></strong></span> <span class='ocrx_word' id='word_1_151' title='bbox 493 4359 527 4423; x_wconf 78' lang='grc' dir='ltr'><strong><em>δὲ</em></strong></span> <span class='ocrx_word' id='word_1_152' title='bbox 550 4364 719 4444; x_wconf 69' lang='grc' dir='ltr'><strong><em>τοιαύτην,</em></strong></span> <span class='ocrx_word' id='word_1_153' title='bbox 743 4360 823 4423; x_wconf 79' lang='grc' dir='ltr'><strong><em>ὥστε</em></strong></span> <span class='ocrx_word' id='word_1_154' title='bbox 840 4361 949 4443; x_wconf 77' lang='grc' dir='ltr'><strong><em>μηθέν</em></strong></span> <span class='ocrx_word' id='word_1_155' title='bbox 968 4352 1053 4424; x_wconf 73' lang='grc' dir='ltr'><strong><em>εἶναι</em></strong></span> <span class='ocrx_word' id='word_1_156' title='bbox 1067 4356 1172 4441; x_wconf 82' lang='grc' dir='ltr'><strong><em>πέρας</em></strong></span> <span class='ocrx_word' id='word_1_157' title='bbox 1192 4357 1304 4438; x_wconf 76' lang='grc' dir='ltr'><strong><em>αὐτῆς,</em></strong></span> 
     </span>
    </p>
   </div>
   <div class='ocr_carea' id='block_1_13' title="bbox 328 4495 1307 4584">
    <p class='ocr_par' dir='ltr' id='par_1_13' title="bbox 328 4495 1307 4584">
     <span class='ocr_line' id='line_1_23' title="bbox 328 4495 1307 4584; baseline 0.001 -20"><span class='ocrx_word' id='word_1_158' title='bbox 328 4499 413 4565; x_wconf 73' lang='grc' dir='ltr'><strong><em>ἀλλὰ</em></strong></span> <span class='ocrx_word' id='word_1_159' title='bbox 435 4498 561 4583; x_wconf 85' lang='grc' dir='ltr'><strong><em>μᾶλλον</em></strong></span> <span class='ocrx_word' id='word_1_160' title='bbox 587 4504 710 4583; x_wconf 70' lang='grc' dir='ltr'><strong><em>ταύτην</em></strong></span> <span class='ocrx_word' id='word_1_161' title='bbox 736 4502 801 4565; x_wconf 81' lang='grc' dir='ltr'><strong><em>τῶν</em></strong></span> <span class='ocrx_word' id='word_1_162' title='bbox 822 4497 933 4564; x_wconf 84' lang='grc' dir='ltr'><strong><em>ἄλλων</em></strong></span> <span class='ocrx_word' id='word_1_163' title='bbox 959 4497 1072 4584; x_wconf 84' lang='grc' dir='ltr'><strong><em>πέρας,</em></strong></span> <span class='ocrx_word' id='word_1_164' title='bbox 1098 4497 1156 4563; x_wconf 77' lang='lat' dir='ltr'><strong><em>sed</em></strong></span> <span class='ocrx_word' id='word_1_165' title='bbox 1179 4495 1252 4563; x_wconf 88' lang='lat' dir='ltr'><strong>ibid.</strong></span> <span class='ocrx_word' id='word_1_166' title='bbox 1274 4497 1307 4565; x_wconf 85' lang='lat' dir='ltr'><strong><em>in</em></strong></span> 
     </span>
    </p>
   </div>
   <div class='ocr_carea' id='block_1_14' title="bbox 0 0 1720 5534">
    <p class='ocr_par' dir='ltr' id='par_1_14' title="bbox 0 0 1720 5534">
     <span class='ocr_line' id='line_1_24' title="bbox 0 0 1720 5534; baseline 0 0"><span class='ocrx_word' id='word_1_167' title='bbox 0 0 1720 5534; x_wconf 95' lang='lat' dir='ltr'><strong><em> </em></strong></span> 
     </span>
    </p>
   </div>
  </div>
 </body>
</html>
