3417 5534
554 1620 1084 1707 PROLEGOMENA.

736 1974 906 2004 «000»-

375 2260 460 2333 Quae
480 2283 541 2336 me,
560 2282 652 2345 quum
674 2260 778 2326 multis
799 2259 908 2325 abhinc
928 2261 1015 2325 annis
1034 2267 1153 2347 portum
1175 2260 1309 2347 proxime

331 2400 517 2485 navigarem,
549 2401 704 2485 rejecerint
735 2406 944 2487 tempestates,
980 2361 1143 2485 quominus
1177 2399 1312 2486 cupienti

332 2540 494 2603 contractis
527 2539 599 2604 velis
630 2538 810 2604 Corinthum
835 2540 918 2605 adire
940 2541 1117 2627 contigerit,
1141 2561 1249 2604 novere
1267 2499 1310 2614 ii,

331 2678 383 2763 qui
402 2678 491 2774 ‘vitae
522 2677 596 2741 mihi
619 2683 754 2765 peractae
777 2678 907 2743 rationes
929 2683 1047 2757 tenent;
1072 2699 1154 2742 nuuc
1177 2682 1223 2741 sat
1246 2683 1311 2742 esto

333 2813 538 2880 Herodoteum
559 2815 651 2880 illud:
664 2818 682 2879 o‘
694 2820 808 2900 χρόνος
822 2814 931 2898 διέφυ,
954 2817 1092 2903 praefari,
1105 2822 1134 2881 et
1148 2816 1312 2891 monuisse,

327 2955 390 3039 jam
422 2979 475 3035 μοι
507 2953 579 3035 μέγ’
604 2952 816 3018 (ἐναλὼσαντι
851 2962 958 3038 ψυχῆς
988 2958 1102 3037 μόριον
1134 2954 1227 3030 diem,
1258 2954 1311 3038 qui

332 3092 405 3156 mihi
429 3092 566 3169 suadeat,
591 3099 625 3157 nt
654 3092 787 3158 doctoris
810 3092 936 3178 gradum
961 3092 1080 3157 tandem
1104 3113 1186 3156 nunc
1209 3114 1311 3178 capes·

333 3254 410 3309 sam,
433 3230 577 3297 illuxisse.
609 3231 706 3303 Quem
738 3232 879 3317 consequi
905 3236 939 3296 ut
963 3231 1035 3295 mihi
1060 3231 1165 3307 liccat,
1191 3231 1312 3295 Aristo-

332 3369 401 3433 telis
424 3368 655 3455 Biographiam,
678 3369 714 3434 ad
738 3368 820 3433 hunc
843 3392 938 3453 usque
957 3369 1034 3434 diem
1055 3370 1217 3445 ineditam,
1237 3369 1311 3433 mihi

332 3514 366 3573 ut
406 3506 566 3593 aliquando
606 3508 673 3571 data
704 3508 861 3572 occasione
891 3508 1007 3572 ederem
1042 3531 1059 3572 a
1087 3508 1163 3572 Viro
1197 3507 1308 3572 Claris-

333 3646 408 3710 simo
440 3668 495 3711 uec
527 3646 626 3712 minus
659 3646 841 3711 amicissimo
873 3646 908 3710 Ο.
941 3647 978 3711 G.
1002 3645 1098 3712 Cobet
1123 3668 1311 3721 concessam,

333 3784 444 3873 publici
465 3785 561 3850 facere
577 3785 655 3870 juris
675 3785 776 3849 statui.
798 3785 958 3872 Descripta
978 3791 1023 3850 est
1042 3808 1079 3850 ex
1098 3785 1210 3850 Codice
1230 3784 1309 3850 Mar·

333 3924 418 3989 ciano
442 3924 559 3988 Veneto
590 3923 683 4000 000,
714 3924 767 4010 qui
798 3922 872 3987 liber
894 3925 1004 4011 passim
1029 3924 1091 3989 situ
1114 3924 1242 3990 detritus
1266 3931 1312 3989 est

333 4072 362 4127 et
392 4062 471 4127 lacer
503 4068 532 4127 et
561 4085 713 4149 perrosus,
744 4069 778 4127 ut
810 4069 921 4127 scateat
952 4063 1085 4141 lacunis,
1112 4087 1185 4149 quar
1208 4086 1311 4129 omncs

333 4201 563 4289 diligentissime
585 4201 716 4265 indicavi
737 4206 767 4265 ct
787 4200 968 4287 ubicumque
985 4203 1048 4267 fieri
1069 4204 1168 4289 potuit
1185 4202 1310 4289 explevi.

377 4341 473 4406 Simul
498 4342 579 4427 typis
604 4340 799 4405 mandandam
823 4342 925 4406 curavi
953 4341 1092 4407 Latinam
1117 4342 1311 4417 Versionem,

332 4502 421 4565 quam
456 4480 576 4566 primus
618 4480 713 4545 edidit
754 4481 787 4546 P.
823 4481 853 4545 J.
890 4481 1067 4548 Nunnesiua
1109 4481 1208 4568 Lugd.
1244 4481 1311 4548 Bat.
