3417 5534
812 657 922 702 noran.
1312 644 1352 703 25

381 851 459 916 cisse
477 850 597 937 poesin,
617 848 810 927 rhetoricam,
829 849 1000 936 physicam,
1020 855 1075 915 etc.
1096 850 1154 915 Sed
1174 849 1355 938 malesigni·

380 992 449 1055 ficat
479 988 673 1055 Aristotelem
707 987 778 1053 haec
808 989 910 1053 omnia
939 989 1156 1054 adolescentem
1185 990 1356 1077 scripsisse:

381 1129 436 1194 boe
467 1130 545 1193 enim
577 1127 663 1193 illum
689 1127 819 1192 voluisse
840 1133 922 1214 patet
944 1151 981 1194 ex
1004 1129 1088 1207 iotis,
1112 1127 1295 1211 γέγραπται
1319 1126 1354 1193 δὲ

381 1266 469 1351 αὐτῷ
494 1270 549 1330 καὶ
574 1273 594 1348 ή
618 1270 684 1331 τῶν
709 1266 885 1331 πολιτειῶν
911 1267 1037 1352 ἱστορία
1056 1268 1257 1352 ὕστερον,
1280 1291 1356 1354 quae

380 1405 467 1473 verba
496 1429 558 1472 non
589 1404 677 1473 habet
708 1406 1043 1487 Pseudo-Ammonius;
1075 1407 1124 1471 hic
1150 1407 1193 1471 ita
1223 1406 1355 1494 intelligi

380 1545 480 1611 debet:
512 1545 713 1612 “Aristoteles
744 1545 915 1611 adolescens
943 1546 1062 1632 egregia
1083 1546 1260 1611 educatione
1283 1569 1356 1612 usus

379 1692 441 1765 est,
470 1691 500 1751 et
527 1707 629 1750 omnes
658 1690 735 1750 artes
759 1684 896 1750 cruditus
917 1708 993 1771 quae
1014 1686 1180 1772 ingenuum
1206 1683 1355 1752 liberalem

379 1824 499 1905 decent3
523 1823 603 1909 quod
627 1828 708 1911 patet
720 1823 765 1889 vel
777 1845 812 1888 ex
835 1824 893 1902 iis,
915 1846 991 1909 quae
1013 1824 1139 1911 (postea)
1162 1823 1198 1888 de
1217 1822 1264 1889 his
1280 1824 1355 1910 ipsis

378 1962 491 2029 artibus
523 1963 672 2049 scripsit„
704 1963 798 2029 Recte
820 1964 900 2028 enim
923 1962 953 2027 J.
977 1962 1034 2028 Th.
1057 1962 1156 2029 Buhle
1178 1962 1198 2028 l.
1221 1985 1245 2028 c.
1270 1964 1305 2027 Τ.
1328 1964 1355 2027 Ι.

379 2127 404 2190 p.
437 2106 488 2167 84.
522 2100 765 2173 “Quaestionum
802 2100 1047 2177 Homericarum,
1081 2099 1224 2166 librorum
1257 2101 1294 2167 de
1323 2124 1355 2167 re

378 2241 494 2327 poetica
525 2246 554 2304 et
577 2240 614 2305 de
636 2239 734 2328 poetis
757 2245 813 2305 etc.
839 2240 884 2303 vel
907 2240 1074 2327 fragmenta
1097 2241 1193 2305 virum
1217 2239 1355 2306 subactae

373 2380 435 2465 jam
458 2378 638 2444 eruditionis
661 2384 692 2444 et
714 2378 886 2444 maturioris
909 2379 1015 2444 aetatis
1039 2380 1202 2466 produnt„

422 2655 499 2722 Ibid.
529 2656 598 2721 Lin.
632 2660 681 2723 14.
713 2659 767 2720 καὶ
799 2660 841 2721 τὰ
870 2656 1077 2742 γεγραμμένα
1101 2656 1189 2743 αὐτῷ
1215 2657 1353 2723 δικαιώ-

376 2822 465 2878 ματα
501 2800 567 2861 τῶν
603 2794 809 2879 Ἑλληνίδων
845 2795 983 2863 πόλεων.
1028 2797 1162 2862 Omnino
1193 2818 1260 2861 oum
1296 2796 1355 2862 boc

377 2936 443 3000 loco
474 2935 705 3023 comparandum
736 2941 781 3000 est
810 2936 1028 3021 fragmentum,
1058 2935 1138 3022 quod
1169 2934 1257 3001 nobis
1289 2936 1353 3021 (sed

378 3078 528 3160 corrupte)
555 3074 685 3139 servavit
704 3074 886 3140 Ammonius
905 3077 977 3158 περὶ
999 3073 1163 3159 διαφόρων
1182 3073 1300 3149 λέξεων
1320 3076 1353 3140 in

377 3235 449 3279 voce
484 3219 569 3294 νῆες,
606 3212 658 3278 ubi
692 3213 804 3300 legitur
842 3216 1051 3295 Δικαιώμασι
1086 3218 1152 3277 τῶν
1188 3211 1350 3296 πολέμων.

376 3352 568 3417 Restituatur
603 3349 742 3417 πόλεων.
778 3350 928 3437 Adjiciam
963 3373 1038 3436 quae
1071 3375 1088 3415 a
1119 3350 1188 3415 VV.
1221 3352 1291 3416 DD.
1316 3353 1353 3418 ad

377 3490 458 3556 bunc
481 3490 635 3557 Ammonii
658 3490 757 3555 locum
782 3494 885 3555 notata
907 3489 1057 3577 leguntur.
1085 3489 1179 3572 (Edit.
1193 3489 1350 3577 Valcken.)

376 3629 491 3696 “Hanc
521 3629 678 3694 lectionem
713 3627 891 3712 (πολέμων)
926 3636 1029 3696 contra
1051 3628 1277 3707 casaubonum,
1300 3633 1351 3718 qui

377 3767 501 3833 πόλεων
526 3768 739 3833 emendandam
762 3770 941 3856 conjecerat,
964 3770 1072 3835 eximie
1091 3776 1192 3836 tuetur
1212 3771 1352 3837 Valesius

375 3910 408 3974 in
430 3914 492 3973 not.
512 3907 664 3973 Manssaci
688 3908 725 3973 ad
750 3906 927 3996 Harpocrat.
952 3932 977 3973 v.
1004 3907 1134 3994 δρυμός,
1159 3915 1189 3973 et
1211 3932 1248 3975 ex
1270 3910 1351 3998 frag-

376 4048 468 4125 mine,
499 4046 581 4133 quod
611 4049 750 4111 Ammon.
781 4046 925 4122 servavit,
960 4045 1027 4111 libri
1058 4046 1232 4113 Aristotelis
1263 4070 1352 4135 argu·

376 4191 507 4251 mentum
541 4183 716 4261 subolleeit,
748 4190 777 4249 et
799 4184 915 4249 erudite
938 4184 1108 4250 declaravit.
1137 4185 1350 4271 Nequidquam

375 4326 470 4413 igitur
500 4322 625 4388 πόλεων
657 4345 710 4410 pro
740 4321 891 4404 πολέμων
923 4322 1058 4388 Meursio
1088 4323 1212 4410 placuit,
1242 4331 1272 4390 et
1295 4325 1350 4390 Fa·

375 4463 469 4529 bricio
499 4464 535 4528 ad
567 4464 636 4529 Ind.
666 4465 814 4538 Auctor„
846 4462 915 4527 Jam
947 4467 1077 4527 statuere
1106 4462 1208 4540 liceat,
1242 4462 1352 4548 quibos
