3417 5534
625 637 725 684 varus
749 637 863 685 norrun
888 636 1008 683 vsosro.
1268 621 1307 681 15

328 828 464 905 stoteles‚
495 833 525 894 et
555 828 635 913 qnod
668 829 708 894 sit
739 851 859 907 verum,
884 832 967 916 putet
988 851 1026 893 ex
1049 850 1099 907 eo,
1123 828 1203 914 quod
1228 850 1308 894 aram

328 968 514 1035 consecravit
538 967 581 1046 ei,
603 969 635 1032 in
659 991 718 1053 qua
742 968 864 1055 scripsit
886 968 945 1033 ita:

407 1171 497 1234 Aram
521 1169 703 1235 Aristoteles
727 1169 867 1235 fundavit
888 1169 966 1234 hano
987 1167 1125 1234 Platonis

407 1307 487 1385 Viri,
514 1330 601 1393 quern
626 1332 687 1374 non
711 1313 757 1374 est
781 1309 962 1373 conveniens
987 1307 1072 1371 malis
1095 1306 1223 1372 laudare.

375 1520 465 1587 Forte
496 1527 594 1588 autem
625 1546 686 1588 non
710 1522 746 1588 ad
770 1546 816 1601 ea,
840 1545 917 1608 quae
940 1522 1094 1599 videntur,
1124 1522 1311 1608 oppugnavit

331 1660 503 1739 Platonem,
527 1661 578 1726 sed
603 1662 639 1727 ad
664 1684 729 1739 eos,
753 1663 806 1747 qui
829 1663 896 1749 ipsa
918 1660 995 1728 male
1016 1661 1201 1748 intelligunt.
1224 1660 1312 1726 Sicut

332 1804 361 1863 et
395 1800 534 1886 genitum
568 1823 632 1865 csse
667 1801 799 1879 coelum,
830 1802 863 1865 in
893 1800 971 1866 libro
1001 1801 1054 1885 qui
1085 1806 1131 1865 est
1161 1801 1198 1864 de
1221 1800 1313 1865 coelo.

333 1938 464 2011 Quidam
499 1940 578 2004 enim
611 1940 776 2005 secundum
807 1944 927 2027 tempus
957 1940 1055 2028 ipsum
1084 1938 1311 2017 intellexerunt,

333 2076 383 2143 sed
416 2099 477 2142 non
508 2078 673 2143 secundum
697 2101 815 2144 oausam
840 2101 913 2143 esse.
936 2078 1024 2143 Ideas
1049 2079 1193 2175 etiam‘in
1216 2076 1312 2142 Meta·

334 2215 465 2304 physica.
485 2215 618 2287 Quidam
638 2217 718 2281 enim
734 2222 818 2283 entra
837 2216 1025 2283 intellectum
1045 2218 1314 2305 ipsasposuerunt‚

335 2360 365 2435 et
390 2355 440 2420 alii
465 2356 584 2443 propria
607 2355 761 2421 sensibilia
784 2324 920 2422 arbitrati
946 2362 1018 2422 sunt
1040 2356 1136 2443 ipsas,
1159 2361 1194 2421 nt
1217 2355 1314 2421 homi·

334 2518 401 2561 nem
424 2495 621 2562 immortalem
645 2502 675 2561 et
698 2519 816 2583 equum.
840 2496 931 2569 Quod
957 2496 1037 2561 enim
1060 2518 1121 2562 non
1145 2497 1211 2562 vult
1233 2496 1314 2583 ipsas

335 2636 457 2703 omnino
485 2658 546 2702 non
573 2659 650 2715 esse,
681 2635 867 2702 demonstrat
896 2636 929 2702 in
953 2635 1172 2724 Metuphysicis
1196 2635 1313 2702 dicens:

338 2775 485 2864 duplicem
506 2799 569 2841 esse
592 2776 741 2855 ordinem,
766 2775 846 2843 hunc
870 2776 991 2862 quidem
1009 2777 1042 2840 in
1062 2775 1138 2841 duce
1156 2798 1315 2842 esseexer·

338 2917 431 2995 citus,
454 2916 535 2983 huno
558 2923 656 2984 autem
680 2920 713 2983 in
735 2917 884 2996 exercitu,
906 2922 937 2982 et
959 2916 1085 2982 alterum
1109 2939 1173 2981 esse
1195 2938 1314 2981 oausam

338 3058 467 3124 alterius.
495 3056 535 3125 m
558 3060 591 3123 in
613 3057 691 3123 libro
715 3058 752 3123 de
773 3057 888 3123 anima:
910 3056 1095 3123 intellectum
1124 3056 1177 3141 qni
1200 3060 1246 3121 est
1269 3078 1316 3121 se·

339 3198 470 3263 cundum
498 3198 627 3263 animem
650 3221 715 3263 esse
737 3220 791 3263 res.
820 3197 956 3264 Multum
983 3219 1110 3282 namque
1137 3195 1316 3261 Aristoteles

340 3338 509 3403 moderatus
537 3338 597 3403 luit
630 3336 776 3403 moribus:
811 3337 893 3403 unde
923 3337 955 3401 in
985 3336 1231 3423 praedicamentis
1258 3336 1316 3410 ait,

339 3498 398 3541 non
421 3482 538 3564 oportet
562 3481 676 3564 promte
697 3476 835 3554 definire,
858 3475 910 3541 sed
930 3475 1051 3560 quidem
1071 3475 1226 3540 multoties
1246 3496 1315 3538 con·

341 3616 484 3689 siderare,
514 3622 544 3681 et
574 3614 712 3681 dubitare
743 3616 779 3680 da
809 3614 939 3702 singulis
970 3637 1032 3679 non
1054 3637 1118 3679 esso
1139 3613 1264 3691 inutile3
1287 3618 1318 3677 et

340 3755 371 3819 in
402 3756 440 3821 iis
463 3778 537 3841 quae
565 3756 602 3821 de
624 3756 725 3821 Bono:
749 3759 868 3842 oportet
891 3753 1043 3819 reminisci
1066 3752 1216 3818 hominem
1240 3752 1316 3816 exsi-

341 3900 467 3960 stentem
490 3917 551 3959 non
572 3894 668 3959 solum
689 3893 762 3958 bene
777 3894 964 3958 fortunatum
985 3892 1036 3957 sed
1057 3891 1317 3957 demonstrantem.

341 4033 380 4099 Et
403 4034 435 4099 in
462 4032 582 4098 Ethicis
608 4031 830 4098 Nicomachiis:
860 4032 974 4097 amicus
1001 4031 1121 4117 quidem
1142 4030 1201 4108 uir,
1224 4030 1319 4094 amica

340 4178 438 4239 autem
470 4173 586 4238 veritae.
617 4170 775 4238 Ambobus
805 4194 874 4237 vero
893 4169 1013 4236 entibus
1036 4170 1156 4248 amicis,
1179 4173 1317 4234 sanctum

340 4318 386 4377 eat
419 4311 635 4398 praehonorare
669 4312 832 4377 veritatem.
867 4310 909 4374 m
942 4311 975 4374 in
1013 4308 1171 4374 Metebria:
1210 4308 1317 4373 horum

339 4450 458 4537 quidem
493 4451 637 4537 quaedam
663 4418 861 4530 dubitamus,
895 4449 1037 4535 quaedam
1070 4448 1250 4535 attingimus
1273 4470 1316 4511 se·
