3417 5534
891 639 909 699 λ

407 843 584 929 Ἀταρνεῖ,
610 826 650 908 οὗ
671 850 727 927 τής
752 848 858 929 φήμης
881 847 1092 929 μνημονεύων
1116 848 1173 912 τὸν
1194 845 1294 911 αὐτοῦ
1313 847 1385 911 υἱὸν

406 987 584 1069 Νικάνορα
617 981 740 1068 ἔθρεψε
772 983 828 1047 καί
862 983 1046 1063 ἐπαίδευσε,
1080 986 1135 1048 καί
1168 984 1240 1049 υἱὸν
1273 986 1386 1064 ε’ποιή-

406 1146 498 1203 σατο,
536 1124 591 1185 καὶ
631 1120 793 1187 τελευτῶν
833 1119 1001 1187 ἐκέλευσεν
1037 1120 1073 1187 ἓν
1109 1122 1289 1204 διαθήκαις
1324 1127 1385 1204 τήν

405 1265 523 1327 ἑαυτοῦ
558 1259 730 1347 θυγατέρα
765 1259 943 1341 Πυδαίδα,
982 1259 1162 1345 γενομένην
1199 1233 1295 1346 αὐταί
1320 1261 1385 1324 άπὸ

405 1398 595 1479 Πυθαίδος,
622 1399 766 1481 δοθῆναι
788 1400 878 1486 αὐτῷ
899 1401 978 1493 πρὸς
999 1406 1116 1484 γάμον.
1138 1401 1227 1475 (Ἕως
1247 1403 1306 1483 μὲν
1327 1392 1385 1465 οὖν

407 1537 455 1603 ἔτι
478 1538 550 1615 νέος
570 1534 623 1621 ήν,
643 1541 788 1621 τὴντῶν
808 1537 992 1625 ἐλευθέρων
1012 1539 1202 1606 ἐπαιδεύετο
1215 1538 1385 1618 παιδείαν,

407 1679 450 1752 ὡς
481 1676 578 1762 δηλοῖ
607 1681 647 1743 τά
671 1677 881 1764 γεγραμμένα
906 1679 995 1764 αὐτῷ
1020 1682 1179 1765 Ὁμηρικὰ
1204 1679 1385 1763 ζητήματα,

408 1819 463 1881 καί
488 1823 508 1899 ή
531 1823 588 1899 τής
611 1816 757 1892 Ἰλιάδος
782 1816 923 1897 ἔκδοσις,
949 1821 990 1898 ήν
1013 1816 1133 1883 δέδωκε
1155 1823 1200 1901 τῷ
1218 1816 1388 1891 Ἀλεξάν-

409 1956 487 2042 δρῳ,
514 1958 569 2020 καὶ
593 1959 611 2019 0‘
634 1958 706 2043 περὶ
728 1962 875 2041 ποιητῶν
898 1955 1062 2037 διάλογος,
1085 1960 1140 2022 καί
1162 1959 1198 2022 τὸ
1217 1964 1273 2040 τῆς
1290 1981 1388 2040 ποιη-

409 2102 500 2177 τικής
532 2097 737 2181 σύγγραμμα,
772 2098 827 2160 καί
853 2098 890 2160 αἱ
913 2100 1084 2183 ῥητορικαὶ
1110 2094 1243 2183 τέχναι,
1269 2099 1324 2160 καί
1348 2098 1389 2160 τά

410 2237 541 2321 ιάτρικά
565 2233 793 2321 προβλήματα,
821 2237 876 2300 καὶ
902 2238 943 2300 τά
967 2237 1090 2319 φυσικά
1114 2234 1329 2321 προβλήματα
1354 2237 1389 2301 ἐν

410 2361 635 2449 ἑβδομήκοντα
663 2361 807 2449 βιβλίοις
832 2365 927 2442 ὄντα,
955 2365 1009 2426 καί
1035 2365 1075 2426 τά
1099 2361 1220 2426 ὀπτικά
1244 2361 1389 2449 προβλή-

408 2526 510 2586 ματα,
548 2503 603 2565 καί
636 2503 676 2565 τά
708 2504 876 2588 μηχανικὰ
911 2499 1139 2587 προβλήματα,
1174 2502 1229 2565 καὶ
1261 2502 1303 2564 τά
1333 2526 1389 2579 γε-

410 2639 580 2728 γραμμένα
600 2640 689 2726 αὐτῷ
710 2641 921 2725 δικαιώματα
941 2646 1007 2707 τῶν
1028 2639 1234 2726 Ἑλληνίδων
1248 2637 1387 2720 πόλεων,

410 2779 445 2855 ἐξ
469 2768 516 2846 ὧν
542 2780 709 2856 Φίλιππος
733 2783 791 2857 τάς
816 2780 1020 2865 φιλονεικίας
1041 2783 1107 2847 τῶν
1131 2779 1301 2862 Ἑλλήνων
1320 2777 1389 2847 διὲ-

410 2918 520 3002 λυσεν,
540 2923 583 2999 ὥς
598 2920 934 3011 μεγαλορρημονιεῒν,
952 2946 1031 2985 ποτε
1050 2922 1104 2985 καί
1123 2923 1239 2986 εἰπεῖν·
1260 2921 1389 3006 αὥρισα

410 3067 469 3144 τήν
494 3061 689 3143 Πέλοπος.,,
715 3062 914 3148 Γέγραπται
940 3060 975 3125 δὲ
1000 3060 1089 3146 αὐτῷ
1115 3064 1170 3125 καὶ
1195 3067 1216 3143 ή
1238 3062 1304 3126 τῶν
1327 3086 1389 3126 πο·

411 3203 543 3270 λιτειῶν
566 3204 692 3290 ἱστορία
712 3204 859 3289 ὕστερον.
882 3206 991 3267 Ἐτῶν
1014 3200 1048 3265 δὲ
1070 3172 1242 3286 γενόμενος
1264 3203 1388 3291 χὶπτά,

412 3349 466 3411 καί
493 3344 585 3425 δίκα,
611 3347 667 3409 τοῦ
695 3350 812 3411 Πυθοῖ
834 3346 913 3408 θεοῦ
939 3349 1117 3430 χρήσαντος
1142 3342 1230 3428 αὐτῷ
1255 3340 1389 3427 φιλοσο-

411 3492 485 3571 φεῖν
517 3492 595 3571 παρ’
627 3484 846 3569 Ἀθηναίοις,
877 3491 980 3568 φοιτᾷ.
997 3488 1181 3567 Σωκράτει,
1207 3485 1262 3547 καί
1287 3489 1389 3564 συνήν

414 3630 506 3717 μὸν,
544 3624 638 3711 μέχρι
679 3622 830 3704 τελευτῆς
870 3622 969 3687 αὐτοῦ
1009 3626 1126 3709 χρόνον
1158 3620 1245 3703 πλήν
1276 3619 1389 3699 ὀλίγον

412 3770 506 3833 ὄντα·
537 3768 618 3849 μετὰ
651 3764 684 3829 δὲ
717 3768 832 3829 τοῦτον
866 3771 964 3847 φοιτᾷ
995 3761 1167 3842 Πλάτωνι,
1202 3764 1257 3826 καί
1287 3769 1389 3843 συνῆν

412 3908 517 3987 τοιίτῳ
549 3905 605 3969 τὸν
637 3900 729 3989 μέχρι
761 3900 913 3983 τελευτῆς
938 3900 1038 3970 αὐτοῦ
1062 3906 1180 3987 χρόνον
1206 3904 1390 3982 εἶκοσαετής

413 4048 599 4138 τυγχάνων,
625 4044 668 4117 ὡς
693 4041 789 4117 αὐτὸς
810 4040 1011 4107 ἐπιστέλλων
1033 4040 1191 4124 Φιλίππῳ
1212 4040 1312 4120 λε’γει,
1334 4041 1389 4103 καὶ

413 4183 497 4248 οὕτω
535 4179 862 4265 φιλοπόνως-συνῆν
897 4179 1070 4260 Πλάτωνι,
1106 4183 1150 4257 ὥς
1185 4186 1244 4261 τήν
1280 4181 1389 4244 σι’κίαν

414 4320 513 4385 αὐτοῦ
547 4318 763 4397 οίυαγνώστου
796 4320 905 4384 σι’κίαν
938 4325 1259 4406 προσαγορευθῆναι·
1296 4318 1390 4401 θαμά

414 4463 476 4545 γάρ
499 4457 643 4524 Πλάτων
668 4456 792 4535 ἔλεγεν·
820 4456 993 4543 ((οἰπίωμεν
1015 4461 1059 4534 εἷς
1081 4463 1140 4541 τήν
1163 4464 1218 4523 τοῦ
1235 4456 1391 4535 α’ναγνὼ-
