3417 5534
786 708 894 753 noras.
1289 692 1329 751 tt

399 901 477 967 Ibid.
499 901 569 966 Irin.
594 906 613 965 8
637 906 667 966 et
691 906 720 965 9.
743 902 786 973 ὡς
810 897 1045 984 Ἀριστόξενος
1070 902 1196 983 πρῶτος
1215 901 1330 963 ἐσυκο-

356 1046 512 1125 φάντησε,
545 1043 600 1104 καὶ
632 1038 845 1123 Ἀριστείδης
876 1040 1023 1123 ὕστερον.
1051 1039 1158 1104 Versio
1181 1039 1220 1104 V.
1243 1038 1279 1104 L.
1302 1046 1332 1104 et

355 1180 383 1245 h.
407 1180 426 1245 l.
450 1180 562 1245 “Sicut
584 1180 784 1245 Aristoxenus
804 1180 957 1244 accusavit
976 1184 1007 1243 et
1025 1179 1192 1243 Aristocles
1212 1183 1335 1266 postea„

354 1325 385 1384 et
407 1320 485 1384 infra
508 1318 612 1383 habet:
635 1318 747 1383 “Sicut
770 1318 972 1384 Aristoxenus
995 1323 1025 1383 et
1047 1317 1214 1383 Aristocles
1233 1325 1330 1405 poste·

356 1460 418 1523 rius
449 1458 580 1535 dieunt„
610 1457 747 1543 quamvis
777 1478 883 1545 graece
910 1456 976 1521 illic
1005 1457 1063 1521 loci
1095 1456 1193 1521 solum
1223 1479 1333 1521 nomen

356 1598 530 1664 Aristoxeni
554 1602 807 1661 commemoretur.
832 1600 876 1661 At
900 1618 968 1661 vero
989 1596 1058 1681 quis
1081 1596 1139 1660 iste
1161 1595 1190 1660 h.
1214 1595 1233 1659 l.
1254 1595 1332 1682 apud

356 1743 492 1803 nostrum
515 1736 687 1802 Aristides?
708 1735 853 1801 Aeliusne
872 1735 1022 1801 Aristides
1044 1734 1190 1800 Hadriani
1202 1741 1334 1821 tempore

357 1876 519 1963 Sophiste?
543 1875 663 1941 Vitiose
682 1876 770 1941 oredo
789 1898 852 1940 esse
869 1876 1015 1961 scriptum
1031 1897 1084 1962 pro
1096 1872 1329 1958 Ἀριστοκλῆς.

401 2014 470 2079 Jam
499 2015 580 2100 quod
610 2015 718 2079 attinet
749 2014 946 2091 seutentiam,
969 2036 1045 2100 quae
1066 2019 1130 2080 tota
1153 2014 1209 2079 hac
1233 2013 1332 2101 phrasi

357 2154 427 2219 inde
448 2153 485 2219 ab
505 2153 572 2217 Οὐκ
596 2157 661 2238 ἄρα
685 2152 955 2237 (ἐπῳκοδόμησεν
980 2179 1011 2216 κ.
1037 2178 1067 2217 τ.
1094 2157 1120 2216 ἑ.
1146 2154 1334 2226 continetur,

357 2298 460 2357 notare
490 2292 575 2358 lubet
604 2292 686 2359 haec.
717 2292 876 2379 Pleraque,
906 2316 982 2379 quae
1004 2293 1041 2357 de
1063 2293 1233 2357 inimicitiis
1255 2293 1334 2357 inter

357 2430 512 2497 Platonem
543 2438 573 2496 et
602 2431 796 2497 Aristotelem
826 2433 977 2509 feruntur,
1008 2438 1061 2498 aut
1090 2456 1122 2497 re
1150 2433 1231 2519 ipsa,
1253 2432 1334 2519 quod

357 2570 485 2637 absurda
516 2575 604 2647 suut,
636 2571 826 2648 refelluntur,
858 2571 904 2635 vel
935 2571 1079 2636 seriorum
1108 2576 1226 2636 tantum
1250 2571 1334 2636 testi·

357 2711 467 2775 moniis
496 2710 652 2786 nituntur,
681 2731 757 2795 quae
786 2731 841 2774 neo
864 2710 943 2775 inter
966 2732 998 2775 se
1020 2732 1154 2796 congrua
1176 2714 1265 2787 sunt,
1288 2709 1335 2774 rel

357 2872 393 2914 ex
424 2850 542 2935 impuro
571 2849 655 2913 fonte
684 2850 852 2926 fluxerunt,
876 2849 908 2913 id
932 2854 993 2927 est,
1017 2872 1055 2914 cx
1077 2848 1147 2914 odio
1168 2854 1200 2913 et
1222 2847 1336 2912 invidia

356 2987 581 3053 Platonicorum
621 3010 692 3074 erga
728 2987 961 3074 Peripateticos,
999 3008 1127 3073 quorum
1167 2985 1336 3073 exemplum

357 3128 445 3191 etiam
478 3126 566 3192 multi
597 3126 654 3191 viri
686 3126 796 3191 eruditi
823 3128 905 3191 Sacc.
936 3126 1017 3191 XVI
1048 3133 1078 3191 et
1102 3125 1209 3191 XVIL
1239 3126 1336 3191 secuti

358 3272 444 3342 sunt,
469 3266 519 3329 alii
543 3263 738 3331 Aristotelem
762 3264 902 3330 laudibus
925 3265 957 3329 in
978 3264 1092 3329 coelum
1114 3264 1268 3341 tollentes,
1284 3264 1335 3329 alii

357 3405 441 3470 nulla
471 3428 533 3469 uon
562 3405 721 3469 maledicta
748 3410 778 3469 et
802 3405 939 3469 convicia
960 3404 992 3468 in
1015 3403 1102 3468 illum
1126 3404 1337 3489 conjicientes;

357 3567 449 3631 quum
482 3566 551 3609 vero
578 3543 793 3609 obtrectatores
816 3550 847 3607 et
869 3541 966 3608 invidi
990 3542 1078 3607 fidem
1101 3543 1257 3629 exiguam,
1281 3564 1337 3607 nec

357 3684 496 3768 majorem
517 3687 683 3747 mereantur
702 3681 885 3754 laudatores,
904 3681 957 3768 qui
978 3682 1108 3767 partiam
1128 3703 1189 3745 non
1203 3680 1337 3745 veritatis

357 3822 459 3887 studio
490 3821 574 3885 ducti
604 3820 704 3885 omnia
734 3820 873 3897 laudant,
899 3820 1111 3885 difficillimum
1135 3826 1181 3886 est
1199 3819 1338 3906 judicare

357 3961 431 4047 quid
453 3962 494 4025 sit
517 3961 549 4025 in
572 3983 606 4025 ea
629 3982 661 4025 re
685 3960 754 4025 veri.

402 4099 557 4165 AElianus
593 4099 663 4163 Var.
698 4098 781 4163 Hist.
811 4098 878 4163 Lib.
909 4098 966 4164 IV.
998 4103 1018 4161 9
1050 4103 1150 4163 narrat
1180 4097 1336 4163 Platonem

358 4239 470 4305 dixisse
489 4238 525 4303 de
544 4238 722 4317 Aristotele,
743 4237 848 4302 “hunc
867 4237 899 4302 in
920 4260 952 4302 se
972 4237 1189 4314 recalcitrem,
1207 4243 1243 4302 ut
1262 4238 1335 4302 muli

358 4378 446 4443 modo
477 4378 572 4465 geniti
603 4378 635 4442 in
667 4382 789 4442 matrem
813 4376 1000 4442 recalcitrare
1022 4376 1175 4453 soleant„:
1198 4377 1246 4441 cui
1269 4377 1336 4461 qui·

358 4518 423 4583 dem
448 4519 531 4583 dicto
554 4518 755 4605 nescioquod
779 4517 969 4582 Platonicum
993 4517 1090 4580 inesse
1111 4514 1184 4579 mihi
1209 4514 1336 4578 videtur.
