<?xml version="1.0" encoding="UTF-8"?>
<!DOCTYPE html PUBLIC "-//W3C//DTD XHTML 1.0 Transitional//EN"
    "http://www.w3.org/TR/xhtml1/DTD/xhtml1-transitional.dtd">
<html xmlns="http://www.w3.org/1999/xhtml" xml:lang="en" lang="en">
 <head>
  <title>
</title>
<meta http-equiv="Content-Type" content="text/html;charset=utf-8" />
  <meta name='ocr-system' content='tesseract 3.04.00' />
  <meta name='ocr-capabilities' content='ocr_page ocr_carea ocr_par ocr_line ocrx_word'/>
</head>
<body>
  <div class='ocr_page' id='page_1' title='image "./vitaaristotelis00hermgoog_0016.png"; bbox 0 0 3417 5534; ppageno 0'>
   <div class='ocr_carea' id='block_1_1' title="bbox 316 678 1008 747">
    <p class='ocr_par' dir='ltr' id='par_1_1' title="bbox 316 678 1008 747">
     <span class='ocr_line' id='line_1_1' title="bbox 316 678 1008 747; baseline 0.004 -26"><span class='ocrx_word' id='word_1_1' title='bbox 316 743 317 747; x_wconf 7' lang='grc' dir='ltr'><strong>Ἰ</strong></span> <span class='ocrx_word' id='word_1_2' title='bbox 348 736 354 747; x_wconf 27' lang='lat'><strong>⁴</strong></span> <span class='ocrx_word' id='word_1_3' title='bbox 397 678 444 747; x_wconf 60' lang='lat' dir='ltr'><strong>prr</strong></span> <span class='ocrx_word' id='word_1_4' title='bbox 775 678 1008 724; x_wconf 78' lang='lat' dir='ltr'><strong>rnorncouaua.</strong></span> 
     </span>
    </p>
   </div>
   <div class='ocr_carea' id='block_1_2' title="bbox 392 869 1381 4299">
    <p class='ocr_par' dir='ltr' id='par_1_2' title="bbox 392 869 1380 2774">
     <span class='ocr_line' id='line_1_2' title="bbox 392 869 1380 967; baseline 0.004 -32"><span class='ocrx_word' id='word_1_5' title='bbox 392 869 559 967; x_wconf 81' lang='lat' dir='ltr'><strong>jiciendum</strong></span> <span class='ocrx_word' id='word_1_6' title='bbox 582 870 660 935; x_wconf 84' lang='lat' dir='ltr'><strong>foret</strong></span> <span class='ocrx_word' id='word_1_7' title='bbox 682 869 796 937; x_wconf 87' lang='lat' dir='ltr'><strong>Aldum</strong></span> <span class='ocrx_word' id='word_1_8' title='bbox 819 890 880 937; x_wconf 79' lang='lat' dir='ltr'><strong>aon</strong></span> <span class='ocrx_word' id='word_1_9' title='bbox 897 871 1036 949; x_wconf 81' lang='lat' dir='ltr'><strong>vertisse,</strong></span> <span class='ocrx_word' id='word_1_10' title='bbox 1056 871 1108 937; x_wconf 83' lang='lat' dir='ltr'><strong>red</strong></span> <span class='ocrx_word' id='word_1_11' title='bbox 1127 875 1230 937; x_wconf 90' lang='lat' dir='ltr'><strong>nostra</strong></span> <span class='ocrx_word' id='word_1_12' title='bbox 1241 870 1380 939; x_wconf 88' lang='lat' dir='ltr'><strong>habuisse</strong></span> 
     </span>
     <span class='ocr_line' id='line_1_3' title="bbox 398 1010 1376 1097; baseline -0.003 -20"><span class='ocrx_word' id='word_1_13' title='bbox 398 1012 528 1089; x_wconf 84' lang='lat' dir='ltr'><strong>Graeca,</strong></span> <span class='ocrx_word' id='word_1_14' title='bbox 550 1016 580 1076; x_wconf 91' lang='lat' dir='ltr'><strong>et</strong></span> <span class='ocrx_word' id='word_1_15' title='bbox 610 1010 757 1088; x_wconf 73' lang='lat' dir='ltr'><strong>edidisse,</strong></span> <span class='ocrx_word' id='word_1_16' title='bbox 789 1033 824 1076; x_wconf 84' lang='lat' dir='ltr'><strong>ex</strong></span> <span class='ocrx_word' id='word_1_17' title='bbox 858 1015 958 1075; x_wconf 92' lang='lat' dir='ltr'><strong>mente</strong></span> <span class='ocrx_word' id='word_1_18' title='bbox 987 1033 1094 1097; x_wconf 83' lang='lat' dir='ltr'><strong>nempe</strong></span> <span class='ocrx_word' id='word_1_19' title='bbox 1124 1010 1294 1075; x_wconf 89' lang='lat' dir='ltr'><strong>Nnnnesii:</strong></span> <span class='ocrx_word' id='word_1_20' title='bbox 1325 1011 1376 1075; x_wconf 91' lang='lat' dir='ltr'><strong>sed</strong></span> 
     </span>
     <span class='ocr_line' id='line_1_4' title="bbox 399 1148 1380 1235; baseline 0.001 -20"><span class='ocrx_word' id='word_1_21' title='bbox 399 1150 462 1215; x_wconf 88' lang='lat' dir='ltr'><strong>sive</strong></span> <span class='ocrx_word' id='word_1_22' title='bbox 491 1148 529 1215; x_wconf 92' lang='lat' dir='ltr'><strong>ab</strong></span> <span class='ocrx_word' id='word_1_23' title='bbox 559 1148 640 1215; x_wconf 87' lang='lat' dir='ltr'><strong>Aldo</strong></span> <span class='ocrx_word' id='word_1_24' title='bbox 670 1149 781 1215; x_wconf 88' lang='lat' dir='ltr'><strong>editam</strong></span> <span class='ocrx_word' id='word_1_25' title='bbox 813 1150 907 1216; x_wconf 86' lang='lat' dir='ltr'><strong>vitam</strong></span> <span class='ocrx_word' id='word_1_26' title='bbox 930 1150 1020 1215; x_wconf 91' lang='lat' dir='ltr'><strong>annis</strong></span> <span class='ocrx_word' id='word_1_27' title='bbox 1044 1152 1281 1227; x_wconf 73' lang='lat' dir='ltr'><strong>laec-1498,</strong></span> <span class='ocrx_word' id='word_1_28' title='bbox 1304 1172 1380 1235; x_wconf 88' lang='lat' dir='ltr'><strong>quae</strong></span> 
     </span>
     <span class='ocr_line' id='line_1_5' title="bbox 396 1286 1378 1375; baseline 0.001 -21"><span class='ocrx_word' id='word_1_29' title='bbox 396 1287 440 1354; x_wconf 87' lang='lat' dir='ltr'><strong>ibi</strong></span> <span class='ocrx_word' id='word_1_30' title='bbox 472 1289 585 1355; x_wconf 83' lang='lat' dir='ltr'><strong>dicitur</strong></span> <span class='ocrx_word' id='word_1_31' title='bbox 615 1288 687 1375; x_wconf 78' lang='grc' dir='ltr'><strong><em>βίος</em></strong></span> <span class='ocrx_word' id='word_1_32' title='bbox 720 1289 854 1373; x_wconf 83' lang='grc' dir='ltr'><strong><em>Ἀριστ.</em></strong></span> <span class='ocrx_word' id='word_1_33' title='bbox 890 1290 976 1351; x_wconf 82' lang='grc' dir='ltr'><em>κατὰ</em></span> <span class='ocrx_word' id='word_1_34' title='bbox 1000 1286 1204 1367; x_wconf 54' lang='lat' dir='ltr'><strong>dolenorum,</strong></span> <span class='ocrx_word' id='word_1_35' title='bbox 1230 1290 1293 1353; x_wconf 84' lang='lat' dir='ltr'><strong>sive</strong></span> <span class='ocrx_word' id='word_1_36' title='bbox 1315 1312 1378 1355; x_wconf 85' lang='lat' dir='ltr'><strong>eam</strong></span> 
     </span>
     <span class='ocr_line' id='line_1_6' title="bbox 399 1428 1379 1514; baseline 0 -20"><span class='ocrx_word' id='word_1_37' title='bbox 399 1429 463 1494; x_wconf 89' lang='lat' dir='ltr'><strong>sine</strong></span> <span class='ocrx_word' id='word_1_38' title='bbox 496 1428 560 1493; x_wconf 90' lang='lat' dir='ltr'><strong>ullo</strong></span> <span class='ocrx_word' id='word_1_39' title='bbox 591 1428 722 1494; x_wconf 88' lang='lat' dir='ltr'><strong>auctoris</strong></span> <span class='ocrx_word' id='word_1_40' title='bbox 753 1428 890 1506; x_wconf 89' lang='lat' dir='ltr'><strong>nomine,</strong></span> <span class='ocrx_word' id='word_1_41' title='bbox 921 1450 1010 1514; x_wconf 86' lang='lat' dir='ltr'><strong>quarn</strong></span> <span class='ocrx_word' id='word_1_42' title='bbox 1042 1428 1196 1494; x_wconf 85' lang='lat' dir='ltr'><strong>Ammonii</strong></span> <span class='ocrx_word' id='word_1_43' title='bbox 1220 1428 1379 1494; x_wconf 84' lang='lat' dir='ltr'><strong>Commen-</strong></span> 
     </span>
     <span class='ocr_line' id='line_1_7' title="bbox 398 1567 1378 1655; baseline 0 -22"><span class='ocrx_word' id='word_1_44' title='bbox 398 1568 482 1633; x_wconf 87' lang='lat' dir='ltr'><strong>tariis</strong></span> <span class='ocrx_word' id='word_1_45' title='bbox 514 1568 548 1632; x_wconf 92' lang='lat' dir='ltr'><strong>in</strong></span> <span class='ocrx_word' id='word_1_46' title='bbox 578 1567 754 1655; x_wconf 73' lang='lat' dir='ltr'><strong>categorias</strong></span> <span class='ocrx_word' id='word_1_47' title='bbox 784 1567 959 1633; x_wconf 79' lang='lat' dir='ltr'><strong>Aristotelis</strong></span> <span class='ocrx_word' id='word_1_48' title='bbox 988 1568 1143 1655; x_wconf 82' lang='lat' dir='ltr'><strong>praemisit</strong></span> <span class='ocrx_word' id='word_1_49' title='bbox 1172 1591 1251 1633; x_wconf 88' lang='lat' dir='ltr'><strong>anno</strong></span> <span class='ocrx_word' id='word_1_50' title='bbox 1276 1572 1378 1648; x_wconf 86' lang='grc'><strong>1503,</strong></span> 
     </span>
     <span class='ocr_line' id='line_1_8' title="bbox 399 1706 1378 1785; baseline 0.002 -13"><span class='ocrx_word' id='word_1_51' title='bbox 399 1706 562 1773; x_wconf 87' lang='lat' dir='ltr'><strong>contuleris</strong></span> <span class='ocrx_word' id='word_1_52' title='bbox 583 1712 635 1773; x_wconf 91' lang='lat' dir='ltr'><strong>ant</strong></span> <span class='ocrx_word' id='word_1_53' title='bbox 659 1730 728 1773; x_wconf 89' lang='lat' dir='ltr'><strong>cnm</strong></span> <span class='ocrx_word' id='word_1_54' title='bbox 752 1708 864 1773; x_wconf 86' lang='lat' dir='ltr'><strong>Vetere</strong></span> <span class='ocrx_word' id='word_1_55' title='bbox 886 1708 1082 1774; x_wconf 89' lang='lat' dir='ltr'><strong>translatione</strong></span> <span class='ocrx_word' id='word_1_56' title='bbox 1100 1708 1226 1785; x_wconf 84' lang='lat' dir='ltr'><strong>Latina,</strong></span> <span class='ocrx_word' id='word_1_57' title='bbox 1245 1714 1297 1773; x_wconf 89' lang='lat' dir='ltr'><strong>aut</strong></span> <span class='ocrx_word' id='word_1_58' title='bbox 1309 1732 1378 1774; x_wconf 91' lang='lat' dir='ltr'><strong>cum</strong></span> 
     </span>
     <span class='ocr_line' id='line_1_9' title="bbox 398 1845 1379 1932; baseline 0 -20"><span class='ocrx_word' id='word_1_59' title='bbox 398 1847 511 1912; x_wconf 83' lang='lat' dir='ltr'><strong>Graeca</strong></span> <span class='ocrx_word' id='word_1_60' title='bbox 533 1852 637 1912; x_wconf 89' lang='lat' dir='ltr'><strong>nostra</strong></span> <span class='ocrx_word' id='word_1_61' title='bbox 660 1847 722 1911; x_wconf 89' lang='lat' dir='ltr'><strong>vita</strong></span> <span class='ocrx_word' id='word_1_62' title='bbox 744 1870 837 1924; x_wconf 86' lang='lat' dir='ltr'><strong>nova,</strong></span> <span class='ocrx_word' id='word_1_63' title='bbox 862 1847 941 1911; x_wconf 88' lang='lat' dir='ltr'><strong>idem</strong></span> <span class='ocrx_word' id='word_1_64' title='bbox 964 1845 1081 1913; x_wconf 90' lang='lat' dir='ltr'><strong>obtinet</strong></span> <span class='ocrx_word' id='word_1_65' title='bbox 1101 1846 1279 1923; x_wconf 81' lang='lat' dir='ltr'><strong>discrimen,</strong></span> <span class='ocrx_word' id='word_1_66' title='bbox 1298 1848 1379 1932; x_wconf 93' lang='lat' dir='ltr'><strong>quod</strong></span> 
     </span>
     <span class='ocr_line' id='line_1_10' title="bbox 397 1986 1378 2071; baseline -0.002 -20"><span class='ocrx_word' id='word_1_67' title='bbox 397 2008 480 2051; x_wconf 89' lang='lat' dir='ltr'><strong>nnnc</strong></span> <span class='ocrx_word' id='word_1_68' title='bbox 513 1992 559 2052; x_wconf 88' lang='lat' dir='ltr'><strong>est</strong></span> <span class='ocrx_word' id='word_1_69' title='bbox 593 1986 673 2051; x_wconf 88' lang='lat' dir='ltr'><strong>inter</strong></span> <span class='ocrx_word' id='word_1_70' title='bbox 706 1994 838 2051; x_wconf 89' lang='lat' dir='ltr'><strong>nostram</strong></span> <span class='ocrx_word' id='word_1_71' title='bbox 873 1992 904 2052; x_wconf 86' lang='lat' dir='ltr'><strong>et</strong></span> <span class='ocrx_word' id='word_1_72' title='bbox 927 2008 1005 2062; x_wconf 91' lang='lat' dir='ltr'><strong>eam,</strong></span> <span class='ocrx_word' id='word_1_73' title='bbox 1040 2009 1116 2071; x_wconf 91' lang='lat' dir='ltr'><strong>quae</strong></span> <span class='ocrx_word' id='word_1_74' title='bbox 1149 1991 1275 2052; x_wconf 88' lang='lat' dir='ltr'><strong>vocatur</strong></span> <span class='ocrx_word' id='word_1_75' title='bbox 1305 1994 1378 2050; x_wconf 82' lang='grc' dir='ltr'>κατ’</span> 
     </span>
     <span class='ocr_line' id='line_1_11' title="bbox 398 2125 1378 2212; baseline 0.003 -24"><span class='ocrx_word' id='word_1_76' title='bbox 398 2126 608 2207; x_wconf 73' lang='grc' dir='ltr'>Ἀμμώνιον.</span> <span class='ocrx_word' id='word_1_77' title='bbox 642 2126 766 2192; x_wconf 87' lang='lat' dir='ltr'><strong>Scilicet</strong></span> <span class='ocrx_word' id='word_1_78' title='bbox 797 2126 957 2192; x_wconf 82' lang='lat' dir='ltr'><strong>translatio</strong></span> <span class='ocrx_word' id='word_1_79' title='bbox 986 2125 1039 2190; x_wconf 89' lang='lat' dir='ltr'><strong>illa</strong></span> <span class='ocrx_word' id='word_1_80' title='bbox 1068 2131 1154 2191; x_wconf 90' lang='lat' dir='ltr'><strong>vetus</strong></span> <span class='ocrx_word' id='word_1_81' title='bbox 1177 2126 1286 2212; x_wconf 86' lang='lat' dir='ltr'><strong>partim</strong></span> <span class='ocrx_word' id='word_1_82' title='bbox 1310 2125 1378 2210; x_wconf 91' lang='lat' dir='ltr'><strong>qui·</strong></span> 
     </span>
     <span class='ocr_line' id='line_1_12' title="bbox 398 2263 1378 2342; baseline 0 -13"><span class='ocrx_word' id='word_1_83' title='bbox 398 2264 464 2329; x_wconf 90' lang='lat' dir='ltr'><strong>dem</strong></span> <span class='ocrx_word' id='word_1_84' title='bbox 496 2266 647 2331; x_wconf 71' lang='lat' dir='ltr'><strong>consentit</strong></span> <span class='ocrx_word' id='word_1_85' title='bbox 679 2288 747 2331; x_wconf 91' lang='lat' dir='ltr'><strong>oum</strong></span> <span class='ocrx_word' id='word_1_86' title='bbox 779 2266 959 2342; x_wconf 87' lang='lat' dir='ltr'><strong>Ammonio,</strong></span> <span class='ocrx_word' id='word_1_87' title='bbox 982 2264 1033 2329; x_wconf 88' lang='lat' dir='ltr'><strong>sed</strong></span> <span class='ocrx_word' id='word_1_88' title='bbox 1058 2264 1163 2329; x_wconf 90' lang='lat' dir='ltr'><strong>multis</strong></span> <span class='ocrx_word' id='word_1_89' title='bbox 1186 2263 1262 2328; x_wconf 91' lang='lat' dir='ltr'><strong>locis</strong></span> <span class='ocrx_word' id='word_1_90' title='bbox 1285 2263 1322 2328; x_wconf 89' lang='lat' dir='ltr'><strong>ab</strong></span> <span class='ocrx_word' id='word_1_91' title='bbox 1343 2287 1378 2329; x_wconf 90' lang='lat' dir='ltr'><strong>eo</strong></span> 
     </span>
     <span class='ocr_line' id='line_1_13' title="bbox 398 2403 1378 2494; baseline 0 -25"><span class='ocrx_word' id='word_1_92' title='bbox 398 2410 443 2470; x_wconf 90' lang='lat' dir='ltr'><strong>est</strong></span> <span class='ocrx_word' id='word_1_93' title='bbox 466 2404 600 2483; x_wconf 86' lang='lat' dir='ltr'><strong>diversa,</strong></span> <span class='ocrx_word' id='word_1_94' title='bbox 625 2404 671 2494; x_wconf 92' lang='lat' dir='ltr'><strong>(ut</strong></span> <span class='ocrx_word' id='word_1_95' title='bbox 694 2410 797 2470; x_wconf 91' lang='lat' dir='ltr'><strong>nostra</strong></span> <span class='ocrx_word' id='word_1_96' title='bbox 820 2405 911 2469; x_wconf 90' lang='lat' dir='ltr'><strong>etiam</strong></span> <span class='ocrx_word' id='word_1_97' title='bbox 933 2405 1061 2488; x_wconf 88' lang='lat' dir='ltr'><strong>Graeca)</strong></span> <span class='ocrx_word' id='word_1_98' title='bbox 1083 2409 1113 2469; x_wconf 90' lang='lat' dir='ltr'><strong>et</strong></span> <span class='ocrx_word' id='word_1_99' title='bbox 1133 2403 1270 2468; x_wconf 91' lang='lat' dir='ltr'><strong>continet</strong></span> <span class='ocrx_word' id='word_1_100' title='bbox 1283 2403 1378 2469; x_wconf 88' lang='lat' dir='ltr'><strong>multo</strong></span> 
     </span>
     <span class='ocr_line' id='line_1_14' title="bbox 398 2543 1379 2631; baseline -0.002 -22"><span class='ocrx_word' id='word_1_101' title='bbox 398 2543 483 2631; x_wconf 88' lang='lat' dir='ltr'><strong>plura</strong></span> <span class='ocrx_word' id='word_1_102' title='bbox 512 2549 543 2609; x_wconf 88' lang='lat' dir='ltr'><strong>et</strong></span> <span class='ocrx_word' id='word_1_103' title='bbox 572 2545 695 2610; x_wconf 89' lang='lat' dir='ltr'><strong>omnino</strong></span> <span class='ocrx_word' id='word_1_104' title='bbox 726 2566 816 2621; x_wconf 88' lang='lat' dir='ltr'><strong>nova,</strong></span> <span class='ocrx_word' id='word_1_105' title='bbox 850 2566 926 2629; x_wconf 90' lang='lat' dir='ltr'><strong>quae</strong></span> <span class='ocrx_word' id='word_1_106' title='bbox 956 2566 1038 2608; x_wconf 90' lang='lat' dir='ltr'><strong>nune</strong></span> <span class='ocrx_word' id='word_1_107' title='bbox 1068 2543 1196 2630; x_wconf 90' lang='lat' dir='ltr'><strong>primum</strong></span> <span class='ocrx_word' id='word_1_108' title='bbox 1220 2543 1253 2606; x_wconf 92' lang='lat' dir='ltr'><strong>in</strong></span> <span class='ocrx_word' id='word_1_109' title='bbox 1275 2548 1379 2609; x_wconf 89' lang='lat' dir='ltr'><strong>nostra</strong></span> 
     </span>
     <span class='ocr_line' id='line_1_15' title="bbox 396 2682 1217 2774; baseline -0.001 -27"><span class='ocrx_word' id='word_1_110' title='bbox 396 2682 510 2748; x_wconf 89' lang='lat' dir='ltr'><strong>inedita</strong></span> <span class='ocrx_word' id='word_1_111' title='bbox 533 2684 647 2749; x_wconf 83' lang='lat' dir='ltr'><strong>Graece</strong></span> <span class='ocrx_word' id='word_1_112' title='bbox 668 2682 812 2771; x_wconf 83' lang='lat' dir='ltr'><strong>leguntur</strong></span> <span class='ocrx_word' id='word_1_113' title='bbox 834 2688 864 2749; x_wconf 91' lang='lat' dir='ltr'><strong>et</strong></span> <span class='ocrx_word' id='word_1_114' title='bbox 887 2683 1084 2770; x_wconf 89' lang='lat' dir='ltr'><strong>reperiuntur.</strong></span> <span class='ocrx_word' id='word_1_115' title='bbox 1213 2768 1217 2774; x_wconf 91' lang='lat'><em>.</em></span> 
     </span>
    </p>

    <p class='ocr_par' dir='ltr' id='par_1_3' title="bbox 396 2820 1381 4299">
     <span class='ocr_line' id='line_1_16' title="bbox 403 2820 1380 2908; baseline -0.001 -22"><span class='ocrx_word' id='word_1_116' title='bbox 403 2856 404 2861; x_wconf 41' lang='lat'>1</span> <span class='ocrx_word' id='word_1_117' title='bbox 443 2821 600 2887; x_wconf 81' lang='lat' dir='ltr'><strong>Caeterum</strong></span> <span class='ocrx_word' id='word_1_118' title='bbox 632 2822 669 2887; x_wconf 91' lang='lat' dir='ltr'><strong>de</strong></span> <span class='ocrx_word' id='word_1_119' title='bbox 699 2823 873 2889; x_wconf 86' lang='lat' dir='ltr'><strong>Aristotelis</strong></span> <span class='ocrx_word' id='word_1_120' title='bbox 904 2824 981 2898; x_wconf 87' lang='lat' dir='ltr'><strong>vita,</strong></span> <span class='ocrx_word' id='word_1_121' title='bbox 1012 2821 1158 2908; x_wconf 83' lang='lat' dir='ltr'><strong>Scriptis,</strong></span> <span class='ocrx_word' id='word_1_122' title='bbox 1189 2826 1219 2885; x_wconf 91' lang='lat' dir='ltr'><strong>et</strong></span> <span class='ocrx_word' id='word_1_123' title='bbox 1249 2820 1286 2885; x_wconf 91' lang='lat' dir='ltr'><strong>de</strong></span> <span class='ocrx_word' id='word_1_124' title='bbox 1315 2821 1380 2905; x_wconf 88' lang='lat' dir='ltr'><strong>ejus</strong></span> 
     </span>
     <span class='ocr_line' id='line_1_17' title="bbox 398 2958 1380 3047; baseline -0.001 -23"><span class='ocrx_word' id='word_1_125' title='bbox 398 2958 571 3047; x_wconf 84' lang='lat' dir='ltr'><strong>biograpbis</strong></span> <span class='ocrx_word' id='word_1_126' title='bbox 602 2961 774 3025; x_wconf 82' lang='lat' dir='ltr'><strong>conseratur</strong></span> <span class='ocrx_word' id='word_1_127' title='bbox 804 2959 908 3025; x_wconf 87' lang='lat' dir='ltr'><strong>Jacob.</strong></span> <span class='ocrx_word' id='word_1_128' title='bbox 940 2959 1077 3024; x_wconf 84' lang='lat' dir='ltr'><strong>Bruclrer</strong></span> <span class='ocrx_word' id='word_1_129' title='bbox 1107 2960 1209 3023; x_wconf 89' lang='lat' dir='ltr'><strong>Instit.</strong></span> <span class='ocrx_word' id='word_1_130' title='bbox 1238 2958 1380 3023; x_wconf 87' lang='lat' dir='ltr'><strong>historiae</strong></span> 
     </span>
     <span class='ocr_line' id='line_1_18' title="bbox 397 3097 1378 3186; baseline 0.001 -23"><span class='ocrx_word' id='word_1_131' title='bbox 397 3097 511 3163; x_wconf 91' lang='lat' dir='ltr'><strong>Pbilos.</strong></span> <span class='ocrx_word' id='word_1_132' title='bbox 535 3098 658 3186; x_wconf 84' lang='lat' dir='ltr'><strong>Lipsiae</strong></span> <span class='ocrx_word' id='word_1_133' title='bbox 684 3102 785 3175; x_wconf 84' lang='grc'><strong>1790,</strong></span> <span class='ocrx_word' id='word_1_134' title='bbox 809 3098 838 3163; x_wconf 88' lang='lat' dir='ltr'><strong>J.</strong></span> <span class='ocrx_word' id='word_1_135' title='bbox 862 3097 1019 3186; x_wconf 81' lang='lat' dir='ltr'><strong>Theophil.</strong></span> <span class='ocrx_word' id='word_1_136' title='bbox 1037 3097 1136 3163; x_wconf 91' lang='lat' dir='ltr'><strong>Buble</strong></span> <span class='ocrx_word' id='word_1_137' title='bbox 1152 3097 1276 3184; x_wconf 92' lang='lat' dir='ltr'><strong>Biponti</strong></span> <span class='ocrx_word' id='word_1_138' title='bbox 1292 3101 1378 3164; x_wconf 85' lang='grc'><strong>1790</strong></span> 
     </span>
     <span class='ocr_line' id='line_1_19' title="bbox 397 3237 1377 3325; baseline -0.001 -22"><span class='ocrx_word' id='word_1_139' title='bbox 397 3239 430 3303; x_wconf 94' lang='lat' dir='ltr'><strong>in</strong></span> <span class='ocrx_word' id='word_1_140' title='bbox 462 3239 583 3325; x_wconf 84' lang='lat' dir='ltr'><strong>praelat.</strong></span> <span class='ocrx_word' id='word_1_141' title='bbox 607 3238 750 3303; x_wconf 90' lang='lat' dir='ltr'><strong>editionis</strong></span> <span class='ocrx_word' id='word_1_142' title='bbox 774 3238 911 3314; x_wconf 86' lang='lat' dir='ltr'><strong>Aristot,</strong></span> <span class='ocrx_word' id='word_1_143' title='bbox 935 3238 975 3301; x_wconf 91' lang='lat' dir='ltr'><strong>H.</strong></span> <span class='ocrx_word' id='word_1_144' title='bbox 1000 3237 1154 3302; x_wconf 85' lang='lat' dir='ltr'><strong>Olintonis</strong></span> <span class='ocrx_word' id='word_1_145' title='bbox 1177 3238 1248 3302; x_wconf 82' lang='lat' dir='ltr'><strong>fasti</strong></span> <span class='ocrx_word' id='word_1_146' title='bbox 1273 3237 1377 3302; x_wconf 91' lang='lat' dir='ltr'><strong>Helle·</strong></span> 
     </span>
     <span class='ocr_line' id='line_1_20' title="bbox 397 3375 1379 3464; baseline 0 -23"><span class='ocrx_word' id='word_1_147' title='bbox 397 3377 458 3441; x_wconf 86' lang='lat' dir='ltr'><strong>uici</strong></span> <span class='ocrx_word' id='word_1_148' title='bbox 494 3375 564 3441; x_wconf 89' lang='lat' dir='ltr'><strong>edit.</strong></span> <span class='ocrx_word' id='word_1_149' title='bbox 599 3375 633 3440; x_wconf 85' lang='lat' dir='ltr'><strong>O.</strong></span> <span class='ocrx_word' id='word_1_150' title='bbox 669 3377 705 3441; x_wconf 86' lang='lat' dir='ltr'><strong>G.</strong></span> <span class='ocrx_word' id='word_1_151' title='bbox 743 3376 864 3462; x_wconf 86' lang='lat' dir='ltr'><strong>Kruger</strong></span> <span class='ocrx_word' id='word_1_152' title='bbox 898 3375 1019 3462; x_wconf 84' lang='lat' dir='ltr'><strong>Lipsiae</strong></span> <span class='ocrx_word' id='word_1_153' title='bbox 1052 3378 1153 3452; x_wconf 85' lang='grc'><strong>1830,</strong></span> <span class='ocrx_word' id='word_1_154' title='bbox 1184 3382 1214 3441; x_wconf 91' lang='lat' dir='ltr'><strong>et</strong></span> <span class='ocrx_word' id='word_1_155' title='bbox 1241 3377 1379 3464; x_wconf 92' lang='lat' dir='ltr'><strong>inprimis</strong></span> 
     </span>
     <span class='ocr_line' id='line_1_21' title="bbox 397 3511 1380 3599; baseline -0.003 -19"><span class='ocrx_word' id='word_1_156' title='bbox 397 3515 455 3581; x_wconf 85' lang='lat' dir='ltr'><strong>Ad.</strong></span> <span class='ocrx_word' id='word_1_157' title='bbox 487 3514 578 3579; x_wconf 84' lang='lat' dir='ltr'><strong>Stabr</strong></span> <span class='ocrx_word' id='word_1_158' title='bbox 608 3514 640 3578; x_wconf 90' lang='lat' dir='ltr'><strong>in</strong></span> <span class='ocrx_word' id='word_1_159' title='bbox 672 3511 762 3590; x_wconf 91' lang='lat' dir='ltr'><strong>libro,</strong></span> <span class='ocrx_word' id='word_1_160' title='bbox 794 3515 846 3599; x_wconf 92' lang='lat' dir='ltr'><strong>qui</strong></span> <span class='ocrx_word' id='word_1_161' title='bbox 876 3513 1052 3579; x_wconf 89' lang='lat' dir='ltr'><strong>inscribitur</strong></span> <span class='ocrx_word' id='word_1_162' title='bbox 1074 3514 1265 3590; x_wconf 85' lang='lat' dir='ltr'><strong>Aristotelia,</strong></span> <span class='ocrx_word' id='word_1_163' title='bbox 1290 3513 1380 3578; x_wconf 91' lang='lat' dir='ltr'><strong>Halle</strong></span> 
     </span>
     <span class='ocr_line' id='line_1_22' title="bbox 400 3651 1377 3740; baseline -0.004 -21"><span class='ocrx_word' id='word_1_164' title='bbox 400 3657 634 3719; x_wconf 76' lang='lat'>1830-1832:</span> <span class='ocrx_word' id='word_1_165' title='bbox 658 3651 708 3717; x_wconf 87' lang='lat' dir='ltr'><strong>hic</strong></span> <span class='ocrx_word' id='word_1_166' title='bbox 732 3654 907 3740; x_wconf 91' lang='lat' dir='ltr'><strong>plerumque</strong></span> <span class='ocrx_word' id='word_1_167' title='bbox 930 3659 1069 3717; x_wconf 86' lang='lat' dir='ltr'><strong>accurate</strong></span> <span class='ocrx_word' id='word_1_168' title='bbox 1092 3658 1121 3717; x_wconf 88' lang='lat' dir='ltr'><strong>et</strong></span> <span class='ocrx_word' id='word_1_169' title='bbox 1144 3652 1261 3717; x_wconf 83' lang='lat' dir='ltr'><strong>erudite</strong></span> <span class='ocrx_word' id='word_1_170' title='bbox 1279 3658 1377 3718; x_wconf 90' lang='lat' dir='ltr'><strong>toturn</strong></span> 
     </span>
     <span class='ocr_line' id='line_1_23' title="bbox 396 3791 1380 3879; baseline -0.003 -21"><span class='ocrx_word' id='word_1_171' title='bbox 396 3794 453 3859; x_wconf 87' lang='lat' dir='ltr'><strong>hoc</strong></span> <span class='ocrx_word' id='word_1_172' title='bbox 476 3798 684 3879; x_wconf 84' lang='lat' dir='ltr'><strong>argumentum</strong></span> <span class='ocrx_word' id='word_1_173' title='bbox 711 3792 869 3868; x_wconf 89' lang='lat' dir='ltr'><strong>tractavit,</strong></span> <span class='ocrx_word' id='word_1_174' title='bbox 891 3792 991 3855; x_wconf 90' lang='lat' dir='ltr'><strong>omnia</strong></span> <span class='ocrx_word' id='word_1_175' title='bbox 1011 3792 1202 3877; x_wconf 87' lang='lat' dir='ltr'><strong>conquirens,</strong></span> <span class='ocrx_word' id='word_1_176' title='bbox 1222 3814 1297 3876; x_wconf 90' lang='lat' dir='ltr'><strong>quae</strong></span> <span class='ocrx_word' id='word_1_177' title='bbox 1320 3791 1380 3855; x_wconf 91' lang='lat' dir='ltr'><strong>buc</strong></span> 
     </span>
     <span class='ocr_line' id='line_1_24' title="bbox 397 3930 1381 4021; baseline -0.002 -23"><span class='ocrx_word' id='word_1_178' title='bbox 397 3934 546 4021; x_wconf 88' lang='lat' dir='ltr'><strong>pertinent</strong></span> <span class='ocrx_word' id='word_1_179' title='bbox 577 3955 613 3998; x_wconf 85' lang='lat' dir='ltr'><strong>ex</strong></span> <span class='ocrx_word' id='word_1_180' title='bbox 644 3932 826 3998; x_wconf 86' lang='lat' dir='ltr'><strong>testimoniis</strong></span> <span class='ocrx_word' id='word_1_181' title='bbox 858 3931 968 4019; x_wconf 86' lang='lat' dir='ltr'><strong>sparsis</strong></span> <span class='ocrx_word' id='word_1_182' title='bbox 998 3938 1028 3996; x_wconf 89' lang='lat' dir='ltr'><strong>et</strong></span> <span class='ocrx_word' id='word_1_183' title='bbox 1060 3934 1094 3995; x_wconf 91' lang='lat' dir='ltr'><strong>in</strong></span> <span class='ocrx_word' id='word_1_184' title='bbox 1127 3930 1327 4018; x_wconf 87' lang='lat' dir='ltr'><strong>biograpbiis,</strong></span> <span class='ocrx_word' id='word_1_185' title='bbox 1350 3937 1381 3996; x_wconf 91' lang='lat' dir='ltr'><strong>et</strong></span> 
     </span>
     <span class='ocr_line' id='line_1_25' title="bbox 396 4070 1378 4156; baseline -0.002 -19"><span class='ocrx_word' id='word_1_186' title='bbox 396 4074 429 4137; x_wconf 92' lang='lat' dir='ltr'><strong>in</strong></span> <span class='ocrx_word' id='word_1_187' title='bbox 451 4070 625 4138; x_wconf 88' lang='lat' dir='ltr'><strong>auctoribus</strong></span> <span class='ocrx_word' id='word_1_188' title='bbox 653 4072 776 4137; x_wconf 86' lang='lat' dir='ltr'><strong>Graecis</strong></span> <span class='ocrx_word' id='word_1_189' title='bbox 808 4077 838 4137; x_wconf 90' lang='lat' dir='ltr'><strong>et</strong></span> <span class='ocrx_word' id='word_1_190' title='bbox 860 4072 997 4137; x_wconf 88' lang='lat' dir='ltr'><strong>Latinis:</strong></span> <span class='ocrx_word' id='word_1_191' title='bbox 1020 4070 1072 4135; x_wconf 91' lang='lat' dir='ltr'><strong>sed</strong></span> <span class='ocrx_word' id='word_1_192' title='bbox 1095 4070 1256 4156; x_wconf 87' lang='lat' dir='ltr'><strong>aliquando</strong></span> <span class='ocrx_word' id='word_1_193' title='bbox 1279 4078 1378 4136; x_wconf 86' lang='lat' dir='ltr'><strong>tamen</strong></span> 
     </span>
     <span class='ocr_line' id='line_1_26' title="bbox 396 4210 1379 4299; baseline -0.004 -22"><span class='ocrx_word' id='word_1_194' title='bbox 396 4213 526 4299; x_wconf 90' lang='lat' dir='ltr'><strong>turpiter</strong></span> <span class='ocrx_word' id='word_1_195' title='bbox 551 4210 643 4299; x_wconf 87' lang='lat' dir='ltr'><strong>(quod</strong></span> <span class='ocrx_word' id='word_1_196' title='bbox 666 4212 779 4279; x_wconf 83' lang='lat' dir='ltr'><strong>factum</strong></span> <span class='ocrx_word' id='word_1_197' title='bbox 804 4211 929 4296; x_wconf 82' lang='lat' dir='ltr'><strong>nollem)</strong></span> <span class='ocrx_word' id='word_1_198' title='bbox 954 4210 1066 4276; x_wconf 88' lang='lat' dir='ltr'><strong>labitur</strong></span> <span class='ocrx_word' id='word_1_199' title='bbox 1089 4212 1203 4275; x_wconf 87' lang='lat' dir='ltr'><strong>Graeca</strong></span> <span class='ocrx_word' id='word_1_200' title='bbox 1226 4210 1379 4297; x_wconf 84' lang='lat' dir='ltr'><strong>explicans</strong></span> 
     </span>
    </p>
   </div>
   <div class='ocr_carea' id='block_1_3' title="bbox 397 4349 1380 4437">
    <p class='ocr_par' dir='ltr' id='par_1_4' title="bbox 397 4349 1380 4437">
     <span class='ocr_line' id='line_1_27' title="bbox 397 4349 1380 4437; baseline -0.003 -21"><span class='ocrx_word' id='word_1_201' title='bbox 397 4351 441 4416; x_wconf 87' lang='lat' dir='ltr'><strong>vel</strong></span> <span class='ocrx_word' id='word_1_202' title='bbox 475 4356 566 4415; x_wconf 88' lang='lat' dir='ltr'><strong>artem</strong></span> <span class='ocrx_word' id='word_1_203' title='bbox 599 4351 735 4415; x_wconf 88' lang='lat' dir='ltr'><strong>criticam</strong></span> <span class='ocrx_word' id='word_1_204' title='bbox 764 4350 936 4437; x_wconf 86' lang='lat' dir='ltr'><strong>attingens:</strong></span> <span class='ocrx_word' id='word_1_205' title='bbox 967 4374 994 4415; x_wconf 90' lang='lat' dir='ltr'><strong>v.</strong></span> <span class='ocrx_word' id='word_1_206' title='bbox 1026 4372 1050 4414; x_wconf 91' lang='lat' dir='ltr'><strong>c.</strong></span> <span class='ocrx_word' id='word_1_207' title='bbox 1082 4350 1117 4414; x_wconf 79' lang='grc' dir='ltr'><strong>Τ.</strong></span> <span class='ocrx_word' id='word_1_208' title='bbox 1142 4350 1186 4413; x_wconf 90' lang='grc' dir='ltr'><strong>ΙΙ.</strong></span> <span class='ocrx_word' id='word_1_209' title='bbox 1211 4373 1237 4435; x_wconf 88' lang='lat' dir='ltr'><strong>p.</strong></span> <span class='ocrx_word' id='word_1_210' title='bbox 1263 4353 1303 4413; x_wconf 79' lang='lat'><strong>21</strong></span> <span class='ocrx_word' id='word_1_211' title='bbox 1329 4349 1380 4414; x_wconf 91' lang='lat' dir='ltr'><strong>ubi</strong></span> 
     </span>
    </p>
   </div>
   <div class='ocr_carea' id='block_1_4' title="bbox 399 4476 1440 4577">
    <p class='ocr_par' dir='ltr' id='par_1_5' title="bbox 399 4476 1440 4577">
     <span class='ocr_line' id='line_1_28' title="bbox 399 4476 1440 4577; baseline -0.006 -22"><span class='ocrx_word' id='word_1_212' title='bbox 399 4492 473 4555; x_wconf 88' lang='lat' dir='ltr'><strong>citat</strong></span> <span class='ocrx_word' id='word_1_213' title='bbox 496 4488 654 4555; x_wconf 72' lang='lat' dir='ltr'><strong>Plutarchi</strong></span> <span class='ocrx_word' id='word_1_214' title='bbox 678 4488 750 4555; x_wconf 90' lang='lat' dir='ltr'><strong>haec</strong></span> <span class='ocrx_word' id='word_1_215' title='bbox 774 4488 862 4555; x_wconf 89' lang='lat' dir='ltr'><strong>verba</strong></span> <span class='ocrx_word' id='word_1_216' title='bbox 888 4489 932 4577; x_wconf 82' lang='lat' dir='ltr'><strong>(in</strong></span> <span class='ocrx_word' id='word_1_217' title='bbox 955 4489 1018 4556; x_wconf 86' lang='lat' dir='ltr'><strong>rita</strong></span> <span class='ocrx_word' id='word_1_218' title='bbox 1041 4488 1142 4575; x_wconf 79' lang='lat' dir='ltr'><strong>Syllae</strong></span> <span class='ocrx_word' id='word_1_219' title='bbox 1165 4510 1190 4552; x_wconf 89' lang='lat' dir='ltr'><strong>e.</strong></span> <span class='ocrx_word' id='word_1_220' title='bbox 1216 4488 1289 4576; x_wconf 79' lang='lat'><strong>26),</strong></span> <span class='ocrx_word' id='word_1_221' title='bbox 1314 4489 1381 4551; x_wconf 77' lang='lat' dir='ltr'><strong>“ot</strong></span> <span class='ocrx_word' id='word_1_222' title='bbox 1434 4476 1440 4488; x_wconf 80' lang='grc'><strong>’</strong></span> 
     </span>
    </p>
   </div>
   <div class='ocr_carea' id='block_1_5' title="bbox 0 0 1714 5534">
    <p class='ocr_par' dir='ltr' id='par_1_6' title="bbox 0 0 1714 5534">
     <span class='ocr_line' id='line_1_29' title="bbox 0 0 1714 5534; baseline 0 0"><span class='ocrx_word' id='word_1_223' title='bbox 0 0 1714 5534; x_wconf 95' lang='lat' dir='ltr'><strong> </strong></span> 
     </span>
    </p>
   </div>
  </div>
 </body>
</html>
