3417 5534
795 628 904 673 norae.
1295 611 1336 672 47

354 818 419 906 ipsa
442 818 615 885 testamenti
643 817 732 884 verba
761 819 859 886 refert.
882 817 992 884 Athen.
1015 818 1220 906 Deipnosoph.
1243 817 1337 883 XIII.

356 980 384 1043 p.
415 962 489 1023 589.
520 957 554 1022 Ο.
590 962 800 1023 τινάσσουσαι
833 958 915 1024 citat.
947 957 995 1023 De
1017 957 1193 1023 Andronioo
1216 956 1338 1023 Rhodio

356 1100 387 1161 et
408 1094 579 1161 Ptolemaeo
598 1096 664 1183 lege
683 1096 741 1162 Ad.
760 1095 851 1162 Stahr
870 1096 903 1161 in
922 1096 941 1161 l.
963 1119 988 1161 o.
1012 1096 1048 1161 u.
1064 1097 1090 1161 Ι.
1110 1119 1177 1184 pag.
1197 1101 1260 1163 158
1279 1120 1339 1182 seq.

356 1234 395 1299 Iu
427 1256 500 1299 vers.
534 1234 572 1298 V.
595 1235 631 1299 L.
662 1257 728 1300 oum
762 1235 967 1300 velaminibus
989 1257 1112 1300 suorum
1144 1239 1339 1300 tractatuum.

356 1371 457 1437 David
480 1374 644 1440 Armenius
665 1374 698 1437 iu
717 1372 950 1439 Commentariis
968 1373 1094 1440 ineditis
1115 1372 1151 1437 ad
1173 1374 1339 1461 categorias

357 1512 531 1577 Aristotelis
565 1510 640 1595 (cfr.
672 1510 763 1578 Stahr
792 1511 825 1576 in
856 1511 876 1577 l.
907 1534 933 1577 ο.
965 1512 1000 1577 Τ.
1024 1513 1051 1577 Ι.
1073 1535 1140 1600 pag.
1165 1511 1246 1601 159)
1271 1516 1338 1577 τῶν

359 1647 643 1734 Ἀριστοτελικῶν
665 1655 926 1735 συγγραμμάτων
949 1647 1081 1715 πολλῶν
1104 1652 1209 1715 ὄντων
1224 1648 1338 1736 χιλίων

357 1788 414 1852 τὸν
436 1786 593 1872 α’ριθμὸν,
613 1788 656 1863 ὥς
674 1810 752 1872 φησι
771 1786 980 1870 Πτολεμαῖος
996 1792 1014 1852 ό
1030 1786 1236 1872 Φιλάδελφος
1253 1788 1339 1853 οἰνα-

358 1929 488 2011 γραφὴν
520 1928 631 1992 αὐτῶν
657 1931 875 2013 ποιησάμενος
897 1929 952 1992 καὶ
977 1928 1035 1992 τὸν
1058 1928 1133 2013 βίον
1158 1927 1258 1993 αὐτοῦ
1283 1930 1339 1991 καὶ

358 2068 417 2146 τὴν
440 2064 592 2130 διάθεσιν
615 2091 645 2129 ιι.
668 2091 698 2128 τ.
721 2068 747 2128 ἕ.
770 2065 871 2138 Quare
892 2066 999 2152 scripsi
1023 2069 1103 2147 μετά
1127 2067 1185 2130 τὸν
1210 2066 1338 2131 πίνακα

360 2204 403 2287 (id
428 2210 474 2270 est
497 2204 692 2293 Gatalogum)
716 2206 783 2269 τῶν
805 2202 906 2269 αὐτοῦ
931 2209 1202 2290 συγγραμμάτων.

401 2482 475 2569 Peg.
507 2486 535 2547 9.
565 2480 635 2547 Lin.
669 2485 696 2547 l.
727 2487 758 2547 et
790 2488 819 2547 2.
852 2483 1030 2545 ἐπὶ.....
1063 2484 1124 2563 μὲν
1158 2489 1336 2567 νικομάχῳ.

358 2618 424 2685 MS.
455 2619 564 2685 Versio
595 2619 634 2683 V.
664 2619 700 2685 L.
724 2620 842 2685 dimisit
865 2627 969 2685 aurem
985 2621 1095 2707 filium
1117 2621 1339 2686 Nicomachum

358 2766 388 2823 ei
405 2759 514 2845 filiam
544 2759 717 2843 Pythiam.
748 2757 864 2824 Addidi
888 2760 999 2836 παισὶ,
1023 2759 1093 2846 quia
1115 2760 1158 2825 ita
1180 2758 1272 2846 hujus
1293 2760 1338 2825 fa-

359 2898 441 2963 rinae
461 2902 596 2963 auctores
619 2902 748 2963 utuntur
771 2898 990 2985 praepositione
1014 2899 1076 2961 ἐπὶ.
1100 2896 1176 2963 Cirr.
1200 2920 1227 2963 v.
1252 2920 1276 2963 o.
1296 2896 1338 2964 H.

357 3034 510 3101 Glintonis
545 3035 629 3101 Fasti
661 3035 779 3101 Hellen.
810 3036 881 3101 edit.
912 3035 946 3101 Ο.
981 3036 1019 3101 G.
1050 3036 1183 3124 Krugeri
1216 3036 1338 3124 Lipsiae

360 3176 455 3239 1830.
477 3197 505 3261 p,
531 3177 604 3240 250.
622 3172 673 3239 ubi
692 3174 894 3262 fragmentum
915 3174 1045 3262 Dexippi
1066 3174 1144 3262 apud
1165 3174 1338 3259 Synoellum

359 3314 484 3379 citatur:
506 3311 586 3387 “ode
608 3314 663 3376 καὶ
684 3312 782 3387 αὐτὸς
802 3316 820 3376 ὁ
838 3311 1033 3397 Κάσανδρος
1054 3310 1183 3378 ἀνελὼν
1202 3294 1248 3361 -’
1257 3317 1336 3378 ἑαυ-

359 3455 415 3517 τὸν
441 3449 613 3516 Μακεδόσι
639 3449 780 3539 βασιλέα
803 3454 1023 3537 α’νηγόρευσεν
1044 3491 1085 3501 -
1105 3454 1161 3515 καὶ
1181 3450 1337 3537 βασιλευ-

359 3612 417 3664 σας
441 3588 498 3674 ἔτη
524 3587 585 3669 ιθ’,
615 3587 758 3673 pirminii
783 3615 817 3653 τε
843 3593 928 3673 νόσῳ
953 3587 1126 3664 διαλυθεὶς
1151 3592 1204 3653 ἐπὶ
1228 3593 1335 3676 τρισὶν

358 3730 441 3803 ὑιοῖς
465 3727 640 3813 Φιλίππῳ,
664 3726 883 3813 Ἀλεξάνδρῳ
907 3730 963 3791 καὶ
987 3727 1240 3813 Ἀντιπάτρῳ.,,

403 4005 482 4072 Ibid.
513 4005 582 4071 Lin.
615 4009 644 4071 3.
678 4006 891 4090 Θεοφράστῳ,
923 4006 1028 4088 φανία
1061 4005 1191 4069 εὐ....
1218 4003 1337 4091 κλυτῴ.

358 4144 495 4211 MS.le
518 4145 603 4211 Vera.
629 4144 665 4211 L.
686 4150 803 4213 textum
828 4144 958 4210 restitui.

401 4422 479 4489 Ibid.
502 4422 572 4489 Lin.
593 4428 622 4489 5.
642 4419 749 4487 πολλὰ
768 4423 828 4505 μὲν
848 4418 910 4486 δυν
925 4472 1244 4489 ...............
1259 4428 1334 4486 κατ’
