3417 5534
623 720 720 766 varus
745 718 855 765 currus
881 718 1000 764 venero.
1259 699 1298 761 17

328 916 425 978 autem
457 918 487 977 et
518 912 704 978 medicinalia
735 911 933 1000 problemata,
963 915 994 977 et
1027 908 1150 996 physica
1183 906 1298 996 proble-

326 1057 405 1116 mata
431 1051 463 1115 in
498 1050 590 1116 LXX
621 1049 706 1117 libris
737 1052 910 1128 existentia,
945 1056 975 1116 et
1007 1049 1158 1137 aspectiva
1184 1047 1301 1135 proble-

327 1195 420 1267 mata,
454 1195 484 1255 et
520 1189 712 1268 Mechanica,
747 1195 777 1255 et
796 1192 923 1277 scriptas
946 1187 982 1255 ab
1004 1211 1039 1255 eo
1062 1187 1301 1254 JustificatIones

326 1329 504 1393 Graecarum
526 1330 698 1407 onimium,
723 1352 790 1394 oum
814 1328 924 1415 quibus
947 1328 1017 1395 lites
1046 1330 1228 1395 Graecorum
1251 1326 1301 1391 de·

326 1466 511 1533 terminabat.
543 1469 661 1556 Scripta
690 1475 789 1534 autem
819 1474 866 1533 cst
891 1467 928 1534 ab
949 1490 983 1533 eo
1006 1468 1154 1555 posterius
1176 1465 1302 1532 historia

327 1606 506 1693 politiorum.
534 1608 573 1673 In
604 1608 793 1696 philosophia
824 1630 893 1674 vero
927 1608 1113 1674 transcendit
1141 1605 1301 1672 humanam

328 1768 512 1833 mensuram,
533 1746 610 1812 nihil
636 1748 783 1813 diminute
806 1747 842 1812 de
866 1770 899 1813 aa
922 1752 1069 1825 tractans,
1092 1746 1144 1813 sed
1166 1752 1196 1811 et
1207 1744 1302 1809 multa

327 1887 354 1951 ei
383 1887 526 1972 adjiciens
549 1910 586 1952 ex
609 1910 662 1952 sua
684 1886 803 1952 solertia
824 1892 918 1952 totam
942 1886 1052 1952 direxit
1073 1884 1301 1973 philosophiam.

328 2025 460 2114 Itogicae
479 2028 558 2092 enlm
582 2028 721 2115 apponIt‚
740 2028 931 2115 distInguens
953 2026 1071 2114 regulas
1102 2049 1119 2091 a
1146 2024 1249 2103 rebus,
1271 2029 1302 2090 ct

329 2165 440 2230 iaciens
474 2166 736 2232 demonstrativam
771 2166 953 2232 methodum.
983 2165 1112 2251 Antiqui
1142 2166 1222 2230 euim
1253 2164 1301 2229 de·

328 2312 492 2371 monstrare
510 2306 629 2393 quidem
655 2306 803 2385 sciebant,
828 2307 907 2372 idem
930 2308 1076 2394 patientes
1094 2305 1228 2372 scindere
1251 2327 1301 2369 co·

328 2444 402 2510 rium
444 2468 505 2510 non
540 2445 732 2533 potentibus,
767 2434 875 2511 calceis
908 2452 1006 2511 autem
1041 2445 1086 2512 uti
1121 2442 1301 2532 potentibus.

330 2583 561 2673 Insurgeutibus
592 2591 690 2652 autem
723 2586 780 2673 ipsi
811 2584 1061 2662 Atheniensibus,
1092 2586 1152 2651 ivit
1182 2582 1303 2649 Chalci-

329 2724 411 2801 dem,
444 2725 501 2791 hoc
536 2726 654 2791 dicens:
688 2748 750 2790 non
791 2725 951 2791 concedam
990 2723 1226 2789 Atheniensibus
1256 2721 1302 2788 bis

330 2886 449 2949 peccare
478 2864 511 2929 iu
539 2863 775 2952 philosophiam:
798 2870 828 2930 et
850 2866 974 2931 mittens
996 2863 1159 2952 Antipatro
1181 2861 1302 2941 scribit,

328 3001 456 3067 Athenis
490 3004 664 3069 commorari
698 3003 918 3091 periculosum3
953 3008 983 3069 et
1016 3004 1095 3069 dixit
1123 3002 1199 3069 illud
1234 3000 1301 3066 Ho-

329 3142 467 3208 mericum
478 3166 485 3208 :

371 3348 490 3434 “Pyrus
524 3354 621 3415 autem
657 3372 746 3438 supra
779 3372 885 3437 pyrum
917 3350 1062 3426 senescit,
1096 3350 1171 3415 ficus
1201 3354 1300 3415 autem

329 3508 416 3574 supra
438 3488 558 3568 ticum„

327 3708 543 3773 successionem
577 3712 783 3773 accusatorum
817 3708 1014 3795 aenigmatice
1045 3707 1178 3793 loquens.
1210 3706 1299 3772 Vixit

327 3850 425 3911 autem
455 3846 634 3913 Aristoteles
664 3870 756 3913 annos
787 3846 916 3925 LXIII,
946 3847 1055 3912 etenim
1079 3845 1179 3910 XVII
1205 3868 1299 3911 annos

326 3984 436 4051 habens
458 3986 592 4052 adhaesit
614 3986 746 4065 Socrati,
770 3993 800 4053 et
823 4009 891 4053 cum
917 4010 951 4053 eo
974 3988 1061 4054 stetit
1083 3985 1180 4052 tribus
1203 3987 1298 4053 anuis.

326 4126 471 4192 Adhaesit
492 4132 591 4192 autem
614 4126 733 4193 Platoni
759 4125 822 4191 XX
844 4128 945 4193 annis:
966 4132 1034 4215 post
1054 4132 1179 4193 mortem
1198 4133 1297 4193 autem

325 4264 461 4332 Platonis
484 4266 562 4333 vixit
584 4267 670 4332 annis
690 4266 822 4332 XXIII:
839 4271 940 4343 ,totum
960 4268 1065 4352 utiquc
1083 4273 1200 4355 tempus
1221 4270 1299 4333 vitae

325 4428 395 4473 suae
425 4411 612 4473 numeratum
642 4406 764 4473 luerunt
790 4407 861 4471 anni
883 4406 1006 4471 LXIII.
1029 4407 1299 4473 nemorensem

324 4548 356 4611 in
375 4546 530 4626 Chalcide,
551 4547 711 4613 demittens
730 4551 944 4613 testamentum
963 4548 1119 4635 scriptum,
1139 4548 1219 4633 quod
1238 4548 1296 4613 Ier-

1151 4685 1164 4723 2
