3417 5534
755 653 864 697 uorsa,
1259 633 1297 692 51

324 848 466 934 antiquus
489 846 577 912 nobis
604 846 702 911 inesse
724 845 856 923 videtur,
880 867 961 910 unns
983 842 1035 909 hic
1057 842 1234 910 Aristotelis
1257 842 1301 907 in·

324 987 413 1073 genio
436 986 566 1073 dignus,
590 989 669 1050 certe
687 1007 748 1050 non
770 1007 788 1050 a
808 982 924 1049 misello
940 982 1031 1069 hujus
1043 982 1156 1070 elegiae
1166 988 1303 1059 auctore,

324 1126 449 1191 fortasse
472 1124 508 1189 ab
530 1126 597 1211 ipso
619 1124 783 1190 Aristotele
806 1124 969 1189 confectus.

370 1263 503 1329 Tandem
526 1269 628 1329 noster
650 1264 729 1329 infra
752 1269 782 1329 et
805 1262 1120 1329 Pseudo-Ammonius
1143 1260 1303 1326 observant

324 1425 386 1467 non
417 1404 551 1490 potuisse
581 1400 777 1469 Aristotelem
808 1403 999 1488 peregrinum
1031 1400 1163 1465 scholam
1192 1399 1304 1485 aperire

327 1548 429 1605 eontra
463 1542 619 1606 Platonem
654 1542 766 1618 civem,
798 1539 958 1605 Timotheo
992 1545 1023 1605 et
1055 1538 1184 1603 Chabria
1213 1537 1303 1622 hujus

327 1680 558 1766 consanguineis
581 1685 646 1745 tum
671 1680 870 1767 principatum
895 1678 1069 1766 gerentibus
1091 1676 1228 1742 Athenis.

369 1817 437 1885 Jam
473 1820 626 1885 videamus
661 1819 698 1884 de
728 1819 911 1884 Aristoxeno
942 1815 1064 1883 Musioo
1094 1822 1124 1882 et
1153 1815 1304 1881 Aristocle

327 1960 428 2046 (cujus
451 1982 560 2023 nomen
584 1981 637 2045 pro
660 1958 796 2023 Aristide
819 1931 1023 2045 reponendam
1046 1979 1110 2021 esse
1129 1957 1190 2043 jam
1215 1977 1304 2042 supra

326 2098 531 2182 monuimus);
560 2102 662 2161 noster
693 2095 875 2183 biographus
905 2096 996 2183 longe
1026 2118 1044 2161 a
1072 2118 1141 2160 vero
1174 2094 1304 2173 aberrat,

326 2236 378 2320 qui
403 2242 504 2300 censet
527 2233 563 2298 ab
586 2233 635 2300 his
658 2236 731 2300 viris
754 2235 948 2300 Aristotelem
967 2205 1070 2300 ¹fuisse
1094 2235 1302 2320 vituperatum.

327 2376 526 2439 Aristoxenus
558 2374 708 2450 musione,
738 2372 832 2437 Suida
859 2372 980 2457 quidem
1003 2376 1095 2449 teste,
1119 2370 1192 2455 (cfr.
1216 2371 1246 2436 S.
1270 2372 1303 2435 in

328 2516 410 2597 voce)
442 2514 561 2577 auditor
586 2513 646 2577 fuit
669 2518 699 2577 et
722 2512 848 2577 aliorum
873 2519 903 2576 et
925 2510 1115 2587 Aristotelis,
1137 2532 1226 2596 quem
1252 2510 1302 2575 de·

327 2652 463 2717 functum
505 2651 698 2717 coutumeliis
738 2656 928 2715 consectatus
965 2655 1027 2726 est,
1064 2649 1145 2734 quod
1185 2648 1304 2714 scholae

327 2813 527 2856 successorem
546 2790 785 2877 Theophrastum
804 2790 990 2875 reliquisset,
1008 2811 1077 2854 cum
1088 2789 1153 2875 ipse
1164 2811 1301 2877 maguam

328 2931 405 3017 apud
435 2930 610 2995 Aristotelis
641 2929 792 2995 auditores
823 2929 1032 2994 auctoritatem
1064 2927 1227 2993 obtineret:
1250 2929 1301 2993 sed

329 3066 400 3133 hacc
429 3069 504 3134 falsa
534 3092 597 3133 esse
628 3069 761 3135 ostendit
791 3068 829 3133 G.
852 3068 889 3132 L.
913 3065 1026 3133 Mahne
1048 3068 1080 3132 in
1104 3068 1242 3134 Diatribe
1265 3069 1302 3135 de

327 3208 509 3273 Aristoxeno
532 3208 654 3273 Musica
677 3210 774 3273 Amst.
801 3210 903 3272 1793:
926 3212 1026 3272 actum
1049 3208 1113 3295 egit
1134 3208 1192 3273 Ad.
1212 3206 1303 3272 Stahr

325 3346 358 3409 in
381 3345 399 3411 l.
423 3368 448 3410 c.
469 3346 504 3410 T.
527 3350 553 3411 1.
573 3370 599 3433 p.
621 3352 679 3412 52:
699 3369 766 3411 nam
785 3347 939 3412 Aristocle
957 3351 1078 3411 auctore
1099 3345 1172 3434 (Cir.
1192 3345 1301 3411 Euseb.

326 3483 429 3571 Praep.
451 3484 567 3571 llvang.
592 3484 663 3550 XV.
688 3486 722 3571 2)
750 3486 952 3551 Aristoxenus
975 3484 1114 3550 Musicus
1136 3486 1196 3550 fere
1218 3509 1300 3550 sum·

327 3646 403 3688 mam
427 3624 587 3689 Aristoteli
610 3624 718 3690 tribuit
741 3624 867 3689 laudem.
888 3625 959 3691 Veri
980 3624 1078 3691 simile
1089 3631 1135 3690 est
1147 3625 1301 3691 Musioum

326 3764 541 3829 Aristoxenum
572 3768 675 3851 postea
706 3766 864 3830 confusum
896 3787 961 3829 csse
990 3786 1060 3829 cum
1091 3764 1149 3829 alio
1171 3765 1299 3851 quodam

326 3902 457 3987 ejusdem
477 3904 608 3969 nominis
621 3904 700 3981 viro,
712 3903 889 3969 Aristotelis
901 3903 1025 3969 inimico
1036 3908 1068 3968 et
1080 3904 1300 3971 calumniatore

370 4041 537 4108 Aristocles
569 4042 754 4121 Messenius,
787 4042 930 4130 magister
959 4041 1125 4108 Alexandri
1148 4042 1300 4131 Aphrodi-

327 4182 402 4259 siae,
444 4182 547 4248 eximii
586 4205 707 4271 operum
742 4183 918 4248 Aristotelis
956 4184 1143 4271 interpretis,
1179 4186 1300 4273 scripsit

325 4322 399 4409 (cfr.
423 4322 534 4389 Suidas
557 4323 589 4387 in
614 4325 697 4410 voce)
721 4322 815 4389 libros
838 4322 869 4387 X
893 4323 930 4388 de
952 4322 1156 4412 philosophia,
1179 4326 1211 4390 in
1234 4328 1299 4411 qui·

324 4460 380 4527 bus
411 4485 514 4527 omnes
544 4461 740 4550 philosophos
771 4484 932 4550 eorumque
962 4464 1118 4551 opiniones
1152 4473 1300 4533 recenset:
