3417 5534
734 680 843 725 noras.
1240 664 1281 727 53

301 878 439 939 narratur
470 894 538 939 cum
570 872 742 940 Alexandro
773 872 805 937 in
829 872 934 937 Asiam
958 873 1110 958 proiectus
1140 894 1215 951 esse,
1252 876 1283 938 et

301 1012 473 1099 peregrinas
503 1012 613 1077 adiisse
634 1012 771 1099 regiones
797 1010 839 1098 ¹):
864 1011 984 1077 tandem
1009 1034 1047 1077 ne
1070 1010 1192 1077 verbum
1216 1011 1281 1097 qui·

303 1149 370 1215 dem
393 1151 543 1238 injicitur,
566 1150 647 1235 quod
667 1148 880 1237 philosophus,
902 1148 1030 1215 Platone
1049 1156 1180 1228 mortuo,
1200 1150 1283 1216 venit

303 1290 466 1355 Atarneam
497 1288 533 1353 ad
559 1287 730 1368 Hermiam,
758 1288 861 1373 ibique
885 1289 995 1353 mansit
1018 1311 1069 1375 per
1091 1311 1185 1354 annos
1207 1292 1285 1366 tres,

304 1431 335 1515 et
358 1427 438 1513 quod
461 1434 529 1515 post
552 1427 642 1513 hujus
666 1449 768 1492 necem
792 1427 982 1514 Olympiadis
1001 1426 1120 1492 OVIII.
1141 1449 1220 1494 anno
1239 1431 1284 1493 4⁰.

304 1564 424 1631 Eubulo
456 1566 612 1645 archonte,
646 1568 709 1631 sive
741 1569 803 1631 345
837 1589 861 1631 a.
884 1566 919 1631 O.
947 1567 1097 1653 profectus
1119 1571 1164 1632 est
1187 1565 1284 1651 Mity-

303 1704 408 1783 lenen,
437 1711 467 1771 et
493 1704 584 1784 hinc,
606 1705 748 1793 Philippo
772 1710 954 1783 arcessente‚
976 1705 1141 1771 Alexandri
1164 1706 1285 1771 futurus

303 1849 491 1931 praeceptor,
522 1845 554 1908 in
585 1844 794 1910 Macedoniam
826 1844 910 1909 venit
940 1843 1082 1909 archonte
1111 1843 1285 1929 Pythodoto

305 1982 496 2070 Olympiadis
526 1982 610 2048 CIX.
640 2006 718 2049 anno
750 1990 792 2049 2⁰.
816 1984 880 2048 sive
904 1986 966 2047 343
992 2008 1017 2047 a.
1041 1982 1074 2049 Ο.
1098 1982 1151 2048 ubi
1176 1984 1286 2049 mansit

304 2143 400 2207 usque
431 2122 468 2188 ad
500 2122 689 2210 Olympiadis
721 2123 798 2188 CXI
829 2122 1038 2188 oenomaum
1068 2146 1090 2187 a.
1115 2126 1178 2187 335
1202 2146 1227 2188 a
1251 2123 1285 2189 O.

304 2284 355 2347 per
386 2284 479 2326 annos
512 2260 615 2340 VIII,
646 2262 720 2347 quin
751 2267 850 2327 tamen
880 2268 961 2327 certo
984 2267 1118 2339 constet,
1141 2262 1286 2347 quamdin

306 2400 510 2466 Alexandrum
536 2402 687 2467 docuerit:
709 2404 746 2467 A.
770 2401 862 2466 Stahr
883 2402 1025 2489 opinatur
1047 2423 1098 2489 per
1117 2424 1211 2466 annos
1229 2400 1286 2468 IV.

304 2539 523 2626 Apollodorus,
554 2541 606 2626 qui
637 2540 670 2605 in
702 2540 864 2606 Chronicis
896 2541 1031 2606 omnium
1062 2541 1287 2605 accuratissime

305 2677 470 2744 secundum
495 2679 638 2765 temporis
658 2678 793 2769 ordinem
814 2677 985 2766 philosophi
1007 2680 1100 2744 vitam
1120 2680 1286 2755 recensuit,

305 2816 365 2881 iter
405 2818 469 2903 ejus
512 2816 548 2882 ad
588 2816 745 2883 Hermiam
781 2818 972 2897 memoravit3
1007 2822 1121 2894 noster,
1154 2815 1285 2882 Pseudo·

306 2956 488 3023 Ammonius
511 2960 542 3022 et
564 2956 616 3022 alii
640 2958 821 3033 omiserunt,
845 2957 933 3043 cujus
952 2957 995 3021 rei
1014 2978 1133 3021 causam
1152 2957 1288 3022 invenire

306 3098 339 3162 in
363 3101 503 3185 promptu
526 3099 589 3175 est;
612 3093 644 3160 hi
672 3096 751 3160 enim
775 3118 878 3161 omnes
897 3095 929 3160 id
947 3101 1087 3183 egerunt,
1103 3100 1139 3162 ut
1155 3118 1287 3161 summo·

306 3257 375 3323 pere
404 3235 560 3300 laudarent
590 3232 819 3321 philosophum
843 3234 966 3299 omnino
988 3240 1086 3300 tacere
1108 3235 1205 3321 igitur
1226 3257 1285 3300 ma·

306 3374 428 3440 luerunt
451 3374 489 3439 de
510 3372 568 3438 hoc
591 3373 716 3451 itinere,
737 3373 817 3458 quod
838 3372 1089 3438 obtrectatoribus
1110 3372 1287 3437 Aristotelis

306 3513 455 3600 imprimis
478 3534 580 3577 ansam
604 3510 687 3576 dedit
711 3534 778 3576 eum
804 3511 974 3575 accusandi.

313 3699 507 3709 ,.-.---

343 3802 365 3866 ¹)
383 3799 514 3849 Alexander
539 3800 574 3849 M.
600 3799 748 3865 Olympiadis
771 3799 837 3848 CXI.
861 3814 923 3849 anno
947 3800 982 3847 1⁰.
1008 3815 1027 3848 s.
1050 3799 1107 3848 336,
1126 3813 1148 3847 a.
1166 3798 1194 3847 C.
1212 3813 1286 3862 regno

306 3918 416 3983 suscepto
439 3933 500 3967 anno
526 3917 632 3981 sequenti
655 3916 680 3965 in
705 3916 786 3965 Asiam
810 3914 905 3979 trajecit
927 3916 953 3964 in
970 3914 1052 3964 crebro
1069 3913 1182 3965 comitatu
1199 3913 1287 3964 babens

307 4033 378 4084 etiam
395 4033 563 4083 Callisthenem
581 4033 716 4084 Aristotelis
731 4032 888 4099 discipulum3
902 4032 952 4097 ipse
966 4034 1044 4082 autem
1059 4031 1196 4082 Aristoteles
1205 4032 1286 4081 eodem

307 4167 368 4201 anno
387 4150 405 4201 i.
422 4166 442 4201 e.
460 4150 608 4216 Olympiadis
628 4151 695 4200 cxl.
714 4165 775 4199 auno
795 4150 830 4199 2⁰.
851 4166 871 4199 s.
889 4165 910 4199 a.
929 4151 959 4199 O.
974 4150 1022 4198 335
1038 4149 1109 4199 etiam
1123 4148 1286 4199 Macedoniam

309 4266 419 4331 reliquit,
437 4266 476 4317 scd
491 4266 542 4330 jam
560 4270 586 4317 ut
605 4267 705 4317 secundo
724 4265 800 4316 abiret
818 4267 937 4324 Athenas,
956 4264 996 4316 ubi
1010 4265 1098 4315 iterum
1112 4264 1199 4315 mansit
1213 4280 1287 4315 annos

309 4384 375 4434 XIII
392 4384 467 4434 donec
482 4382 618 4434 Chalcidem
633 4383 760 4443 concessit,
776 4398 830 4433 mox
846 4382 880 4432 ibi
895 4383 1025 4434 moriturus
1040 4381 1187 4447 Olympiadis
1196 4381 1286 4432 CXIV.

307 4517 369 4553 auno
387 4502 424 4551 3⁰.
442 4500 491 4552 aira
509 4501 566 4553 322.
584 4516 605 4550 a.
625 4502 652 4551 C.

1141 4614 1153 4652 a
