3417 5534
408 701 449 762 ΞΒ
841 718 950 762 noras.

406 908 442 973 A.
467 908 558 973 Stahr
581 906 654 974 bene
676 909 830 987 observat,
852 932 913 995 quo
936 915 1068 997 tempore
1091 908 1272 974 Aristoteles
1289 908 1387 973 Athe·

406 1070 459 1111 nas
490 1050 620 1121 venerit,
650 1048 681 1112 id
713 1055 759 1115 est
789 1072 814 1113 a,
842 1052 904 1114 367
936 1072 960 1113 a.
990 1048 1025 1113 0.
1061 1048 1160 1142 (Vidr.
1193 1047 1317 1111 Olinton
1353 1048 1386 1111 in

406 1186 505 1251 Fastis
529 1186 609 1252 Hell.
633 1212 660 1274 p.
686 1192 774 1271 124).
805 1188 961 1253 Platonem
984 1210 1047 1251 non
1069 1186 1199 1251 Athenis
1222 1185 1273 1250 sad
1296 1186 1384 1271 Syra-

406 1328 488 1390 cusis
521 1327 613 1392 fuisse
647 1333 677 1393 et
721 1328 791 1393 inde
826 1328 983 1392 revertisse
1018 1326 1183 1391 secundum
1222 1325 1384 1389 Coruinum

406 1488 430 1529 a.
460 1469 522 1530 365
555 1488 578 1529 a.
603 1466 637 1530 Ο.
662 1466 819 1539 -Quod
846 1473 945 1531 antem
969 1465 1059 1531 Stahr
1081 1465 1207 1550 conjicit
1228 1463 1301 1528 hinc
1323 1465 1384 1528 for·

405 1609 485 1669 tasse
514 1606 627 1670 factum
659 1628 724 1670 esse
753 1611 804 1681 ut,
833 1606 886 1690 qui
917 1604 1026 1669 alicubi
1059 1604 1204 1690 legissent
1226 1602 1382 1666 Platonem

406 1748 470 1807 tum
494 1766 545 1829 per
569 1744 643 1807 dnos
668 1744 712 1808 vel
737 1750 797 1809 tres
820 1766 915 1808 annos
934 1765 995 1807 non
1015 1742 1144 1807 Athenis
1163 1742 1271 1818 fuisse,
1290 1741 1385 1805 finxe-

406 1882 469 1946 rint
500 1883 693 1948 Aristotelem
725 1906 776 1970 per
798 1882 856 1948 hoc
879 1889 997 1971 tempus
1020 1882 1153 1947 Socratis
1175 1880 1269 1945 luisse
1292 1879 1384 1943 disci·

405 2020 527 2107 pulum,
550 2022 641 2085 nimis
660 2022 828 2107 quaesitum
849 2021 923 2086 mihi
944 2022 1070 2086 videtur.
1092 2019 1161 2084 Hoc
1180 2020 1381 2083 uniceverom

406 2159 560 2223 existimo:
595 2158 767 2245 biographi,
799 2161 851 2245 qni
886 2158 1061 2225 Aristotelis
1095 2164 1166 2223 sunt
1200 2156 1383 2233 laudatores,

405 2297 484 2362 hanc
514 2320 659 2362 summam
692 2298 864 2386 philosophi
896 2298 986 2384 hujus
1009 2297 1295 2364 commendationem
1320 2320 1384 2361 esse

405 2435 566 2523 putabant,
592 2438 616 2501 si
640 2438 773 2502 Socratis
796 2438 904 2503 fuisset
927 2436 1102 2523 discipulus.

450 2712 522 2799 Pag.
547 2716 574 2778 3.
605 2713 674 2779 Lin.
698 2720 718 2778 4
741 2721 771 2779 et
796 2718 824 2779 5.
854 2712 956 2778 Habet
979 2712 1043 2777 MS.
1068 2719 1111 2791 πῆ
1136 2711 1170 2774 δὲ
1196 2711 1381 2795 σομπιριὼο

406 2850 494 2935 αὐτῷ
500 2897 630 2913 ......
660 2860 690 2917 et
713 2851 922 2938 compendium
946 2849 1077 2935 syllabae
1100 2875 1140 2932 ηιι
1166 2872 1233 2914 οοιι]
1257 2856 1384 2915 accentu

405 2991 488 3077 gravi
514 2995 569 3055 καὶ
594 2998 667 3072 γῆν.
695 2991 847 3055 Vitiosum
870 2989 1055 3073 σομπεριὼο
1073 2990 1193 3054 restitui
1210 2990 1242 3054 in
1260 3012 1383 3071 συμπε-

405 3130 513 3215 ριϊὼι,
536 3138 599 3196 tum
621 3137 693 3195 nota
711 3129 840 3195 formula
858 3151 914 3194 nec
933 3151 993 3193 non
1014 3134 1156 3193 accentus
1172 3134 1202 3193 et
1214 3127 1383 3215 compendii

406 3270 494 3355 signo
518 3268 630 3332 ductus
653 3268 766 3332 inserui
791 3265 967 3331 θάλατταν
992 3264 1131 3349 πολλὴν.

448 3544 527 3608 Ibid.
550 3544 620 3609 Liu.
646 3548 674 3610 7.
695 3542 814 3629 σχοληο
819 3591 975 3606 .......
991 3544 1027 3607 τὸ
1048 3546 1202 3609 Λύκειον.
1225 3541 1292 3609 MS.
1309 3545 1383 3631 Spa-

404 3684 480 3747 tium
509 3705 637 3748 vacuum
669 3684 719 3747 vix
751 3683 887 3747 admittit
910 3682 996 3746 aliam
1022 3704 1122 3747 vocem
1147 3689 1262 3769 praeter
1284 3680 1382 3746 Πλά-

404 3846 495 3885 τωνι.
529 3822 587 3886 Sed
619 3845 674 3887 nec
705 3823 778 3885 satis
802 3822 943 3885 convenit
966 3820 1040 3885 haec
1062 3823 1251 3886 constructio
1272 3821 1382 3905 οέοτῳ-

405 3959 583 4043 κοδόμησεο
605 3958 843 4043 Ἀριστοτέλης
865 3958 984 4043 σχολὴν
1002 3958 1160 4025 Πλάτωνι
1175 3961 1211 4023 τὸ
1223 3965 1379 4039 Λύκειον,

403 4109 433 4165 et
464 4099 571 4165 Versio
601 4099 639 4163 V.
670 4100 705 4163 L.
741 4105 770 4163 et
797 4104 958 4165 contextus
989 4099 1125 4165 indicant
1147 4105 1283 4164 nostrum
1307 4101 1380 4164 scri-

405 4238 498 4325 psisse
508 4235 566 4300 οὐιι
579 4240 644 4321 ἄρα
657 4236 928 4321 οἷοτῳιιοδόμησεο
943 4236 1180 4321 Ἀριστοτέλης
1194 4236 1243 4300 ἔτι
1259 4237 1380 4312 ζῶντος

403 4373 583 4449 Πλάτωνος
616 4382 651 4439 τό
675 4380 831 4441 Λύκειον.
861 4375 923 4441 cfr.
948 4377 1010 4441 vita
1032 4377 1125 4442 Arist.
1150 4376 1382 4442 Pseudo-Amm.

403 4516 511 4600 Itaque
534 4516 578 4579 sic
600 4516 633 4579 in
658 4521 773 4580 textum
798 4516 905 4601 recepi.
