3417 5534
700 688 934 734 PROLEGOMENA.
1264 685 1303 731 ΧΥ

372 880 439 947 Ηοι
461 882 556 969 igitur
584 880 677 947 libros
700 904 803 949 omnes
827 880 1067 969 Theophrasteos
1094 902 1160 945 curn
1185 880 1304 946 Aristo·

327 1019 425 1086 telieis
447 1021 535 1087 Nelei
559 1020 694 1100 heredes,
719 1022 855 1087 homines
882 1023 979 1086 omnis
1003 1022 1182 1087 eruditionis
1201 1044 1305 1109 exper-

329 1165 373 1225 ies
396 1183 492 1246 neque
515 1182 623 1245 mupno
645 1182 768 1227 numero
792 1158 1001 1226 describendos
1023 1182 1142 1225 curasse
1164 1160 1308 1226 dicuntur

329 1321 424 1385 neque
454 1306 490 1365 ut
519 1300 676 1365 emendate
705 1300 962 1366 describerentur:
996 1300 1097 1386 itaque
1128 1300 1173 1365 sic
1194 1300 1307 1366 factum

329 1460 392 1503 esse
414 1438 496 1523 quod
517 1438 700 1505 Plutarchus
722 1444 899 1504 narraverat.

373 1576 432 1642 Sed
456 1576 511 1642 hos
529 1582 559 1643 et
578 1566 671 1656 aiios,
690 1578 742 1663 qui
762 1578 794 1642 in
813 1577 862 1643 his
885 1575 1024 1664 operibus
1048 1577 1189 1655 citantur,
1208 1576 1307 1653 adeat,

330 1716 381 1801 qui
413 1716 449 1781 de
479 1716 527 1781 his
557 1716 644 1783 rebus
672 1717 781 1782 certior
811 1716 876 1782 fieri
907 1716 996 1793 velit3
1031 1739 1087 1782 nos
1118 1716 1309 1783 adhibuimus

329 1855 466 1940 quidem,
494 1856 546 1922 sed
577 1855 743 1923 describere
773 1856 942 1933 noluimus,
972 1878 1028 1921 nec
1050 1860 1227 1944 argumento
1248 1857 1310 1921 iere

330 1994 475 2061 exhausto
497 1997 568 2062 novi
591 1996 665 2082 quid
697 1998 799 2062 afferre
821 1994 910 2061 nobis
933 1995 1030 2061 licuit.
1058 1993 1116 2060 Ubi
1139 2001 1239 2061 tamen
1262 2018 1309 2061 res

331 2135 515 2221 postulabat,
546 2160 583 2203 ex
612 2137 652 2201 iis
682 2136 842 2214 nonnulla,
873 2157 949 2222 quae
971 2135 1008 2199 ad
1032 2133 1131 2200 locum
1154 2134 1310 2200 illustran-

331 2273 402 2339 dum
425 2277 594 2343 necessario
616 2277 762 2355 facerent,
786 2277 820 2341 in
842 2276 924 2341 notis
946 2275 1099 2341 historicis
1121 2280 1152 2341 et
1174 2274 1311 2342 Chrono-

330 2411 439 2501 logicis
462 2414 659 2502 subjecimus,
684 2416 765 2502 quod
786 2419 820 2481 ub
846 2415 931 2501 aequi
954 2413 1084 2501 bonique
1107 2414 1195 2481 uobis
1216 2414 1311 2481 lectur

331 2551 491 2621 benevolus
514 2555 667 2634 consulat,
698 2556 817 2622 vireat
840 2554 920 2640 quod
944 2553 1096 2641 postulare
1117 2576 1238 2620 necesse
1259 2554 1310 2619 sii.

387 2938 392 2946 Ι
450 2854 563 2943 Scripsi
586 2856 620 2920 in
643 2854 822 2921 Brabantiae
845 2854 1097 2943 Septentrionalis
1119 2878 1197 2942 pago

643 2996 696 3081 qui
720 2996 832 3061 dicitur
855 2996 1003 3061 Boxrneer

635 3158 660 3201 a.
684 3135 712 3199 d.
736 3158 763 3201 v.
786 3136 862 3200 Idus
886 3134 1006 3222 Apriles

634 3269 704 3338 anni
728 3272 1012 3340 OIOIOCGCLXI.
