3417 5534
862 629 882 691 8

383 836 507 903 ἐλάττω
531 836 686 921 φαίνεται
705 840 819 922 μόνον.
840 842 892 923 Τῇ
909 836 944 902 δὲ
961 836 1157 923 φυσιολογίᾳ
1177 836 1362 924 προσέθηκε

383 980 444 1059 τὴν
468 976 619 1061 πέμπτην
645 976 779 1055 οὐσίαν,
805 978 860 1041 καί
886 977 922 1041 τὸ
945 982 1019 1041 κατ’
1041 975 1191 1063 εἷσδοχὴν
1212 979 1304 1063 ὁρᾶν·
1323 984 1365 1063 τῇ

386 1115 419 1181 δὲ
451 1123 686 1201 μαθηματικῇ,
717 1117 754 1180 τὸ
778 1115 944 1196 ὀξυγωνον
971 1108 1057 1183 εἶναι
1082 1117 1141 1183 τὸν
1166 1120 1274 1183 κῶνον
1299 1119 1365 1183 τῶν

385 1258 494 1341 ὄψεων
526 1254 582 1319 διά
614 1259 651 1320 τδ
683 1252 841 1321 ἔπιπλίον
873 1254 1024 1341 προϊέναι
1051 1260 1116 1341 Ιτὴν
1140 1258 1222 1342 ὄφιν
1247 1242 1286 1322 οὗ
1307 1260 1365 1343 ὁρᾷ

385 1392 547 1479 μεγέθους
556 1445 565 1474 ,
591 1396 646 1459 καί
671 1398 755 1459 κατά
780 1405 873 1465 τοῦτο
897 1398 959 1483 γάρ
984 1394 1080 1462 οὐδὲν
1103 1400 1171 1462 τῶν
1194 1395 1365 1483 δρωμένων

386 1532 464 1599 ὅλον
493 1535 561 1616 ἅμα
590 1535 719 1620 ὁρᾶται·
752 1535 808 1598 καὶ
836 1538 940 1621 ταιίτῃ
963 1533 1100 1619 μείζονα
1124 1533 1283 1614 γενέσθαι
1308 1539 1365 1603 τὸν

387 1672 493 1747 ἄξονα
516 1679 573 1755 τῆς
597 1674 632 1737 ἐκ
657 1678 775 1739 τοιίτου
798 1680 854 1756 τῇς
877 1676 1020 1761 βάσεως,
1044 1676 1099 1739 καί
1123 1674 1291 1754 ὀξείγωνον
1308 1676 1366 1741 τὸν

389 1814 496 1879 κιίινον
531 1810 778 1879 ἀποτελεῖσθαι.
816 1818 868 1899 Τῇ
902 1813 936 1877 δι’
974 1812 1149 1896 θεολογίῳ,
1185 1816 1221 1878 τό
1252 1818 1294 1897 μὴ
1326 1817 1367 1878 τά

390 1958 500 2018 πάντα
533 1953 687 2036 ε’γκόσμια
716 1942 820 2033 εἶναι,
852 1953 896 2026 ὥς
926 1952 962 2015 τὸ
994 1954 1097 2032 εἰκὸς,
1125 1950 1200 2017 ἀλλ’
1225 1944 1312 2018 εἷναί
1336 1979 1367 2018 τι

389 2095 444 2157 καί
469 2094 697 2178 ὑπερκόσμιον·
722 2092 757 2157 ἕν
779 2094 840 2177 γάρ
864 2096 910 2177 τῷ
934 2089 1072 2175 πέμπτῳ
1097 2096 1153 2172 τῆς
1176 2090 1368 2175 φυσιολογι-

391 2239 463 2315 κῇς,
481 2232 518 2297 τὸ
535 2233 666 2318 πρῶτον
683 2228 764 2315 μηδει
779 2232 862 2295 κατά
876 2232 1077 2317 συμβεβηκός
1090 2254 1167 2315 φησι
1182 2237 1367 2311 κινεῖσθαι,

392 2378 448 2440 τοῦ
481 2371 653 2454 ε’γκυσμίου
686 2362 802 2435 διάτό
826 2356 854 2456 ᾧ
876 2368 1095 2437 συντέτακται
1104 2419 1115 2451 ,
1140 2372 1224 2436 κατά
1249 2374 1369 2458 συμβε-

391 2512 490 2598 βηκὸς
515 2506 724 2594 κινουμένου·
751 2510 805 2573 καί
831 2507 867 2575 ἐν
888 2513 933 2595 τῷ
953 2508 1059 2595 ὀγδόῳ
1080 2516 1137 2592 τῇς
1157 2518 1314 2595 φυσικῆς,
1334 2512 1370 2576 τὸ

391 2652 525 2735 πρώτως
555 2656 667 2717 κινοῦν
699 2648 858 2733 οἷκίνητον
891 2641 977 2715 εἶναι
1000 2648 1167 2736 βούλεται.
1193 2649 1309 2716 Αὐτοῦ
1334 2650 1369 2716 δι’

393 2793 508 2878 εὕρεμα
529 2791 583 2855 καί
602 2795 623 2872 ἠ
641 2787 755 2871 λογικῇ
777 2790 835 2863 τάς
856 2786 1106 2867 συλλογιστικάς
1125 2786 1288 2873 μεθόδους
1306 2790 1370 2855 άπὸ

392 2936 458 2997 τῶν
501 2935 700 3019 πραγμάτων
746 2928 1040 3020 ιδιακρίναντας.
1085 2934 1370 2997 Ἔπαναστάντων

394 3070 428 3135 δὲ
454 3069 542 3155 αὐτῷ
567 3074 633 3136 τῶν
657 3046 876 3154 Ἀθηναίων,
900 3069 1108 3155 ὑπεχώρησεν
1133 3071 1178 3147 εἰς
1196 3068 1371 3149 Χαλκίδα,

392 3212 548 3276 τοσοῦτον
571 3207 740 3288 ὑπειπὼν,
765 3210 807 3284 ὡς
832 3207 869 3273 οὐ
890 3212 1085 3293 συγχωρήσω
1096 3208 1304 3293 Ἀθηναίοις
1323 3209 1372 3286 δίς

392 3352 551 3437 ἁμαρτεῖν
585 3350 629 3423 είς
661 3346 871 3432 φιλοσοφίαν.
905 3349 1001 3413 Ἐπεί
1028 3346 1062 3411 δὲ
1088 3347 1239 3413 τὰαύτὰ
1264 3356 1373 3431 καθή-

395 3514 497 3556 κοντα
533 3486 621 3578 ,οὐκι
660 3482 700 3570 ἦν
736 3485 854 3573 πολίτῃ
890 3486 945 3550 καί
980 3484 1065 3571 ξένῳ
1101 3489 1174 3574 περί
1209 3492 1270 3570 τὴν
1305 3491 1373 3556 τῶν

394 3627 597 3713 Ἀθηναίων
630 3623 747 3705 πόλιν,
779 3622 981 3692 ἐπιστέλλων
1013 3625 1234 3713 Ἀντιπάτρῳ
1256 3633 1373 3715 γράφει

395 3770 431 3832 τὸ
455 3766 628 3850 Ἀθήνησι
654 3762 839 3851 διατρίβειν
865 3761 1023 3850 ἐργῶδες,

396 3970 527 4053 ’Όγχνη
551 3969 611 4052 γάρ
637 3966 688 4030 ἐπ’
713 3967 815 4051 ὄγχνῃ
840 3970 1014 4051 γηράσκει,
1037 3967 1135 4032 σῦκον
1157 3965 1187 4031 δ’
1201 3968 1253 4031 ε’πί
1276 3974 1374 4052 σύκῳ.

397 4184 458 4263 τὴν
480 4175 639 4266 διαδοχὴν
660 4182 727 4246 τῶν
746 4184 1042 4263 συκοφαντούντων
1056 4180 1292 4265 αι’νιττόμενυς.
1307 4184 1375 4247 Καὶ

398 4317 535 4404 τελευτᾷ
562 4320 707 4384 ἕκεῒΓσεἹ
734 4317 901 4403 διαθήκην
926 4317 1092 4405 ἔγγραφον
1117 4318 1331 4399 καταλιπὼν,
1355 4323 1375 4401 ἣ

398 4457 531 4544 φέρεται
563 4462 652 4543 παρά
683 4483 716 4523 τε
747 4456 963 4543 Ἀνδρονίκῳ
995 4458 1050 4522 καί
1074 4456 1272 4543 Πτολεμαίῳ
1294 4460 1375 4543 μετὰ
