3417 5534
632 682 727 729 varus
751 682 865 729 aarrua
896 681 1017 727 raasrc.
1272 664 1312 725 15

330 881 360 941 et
382 876 414 941 in
438 898 547 963 magua
569 882 653 964 parte
672 877 731 941 fuit
751 898 877 941 concors
896 874 982 963 regui
1001 874 1114 961 ipsius,
1134 878 1164 938 et
1184 872 1314 937 multum

330 1012 475 1081 laboravit
505 1037 559 1102 pro
581 1037 667 1103 rege3
691 1020 721 1080 et
744 1037 813 1081 cum
839 1019 919 1080 esset
942 1036 1050 1101 magua
1072 1035 1141 1101 pars
1163 1012 1314 1101 potentiae

332 1152 368 1218 ad
399 1151 659 1233 benefaciendum,
689 1158 823 1242 potentia
853 1160 1020 1242 opportune
1050 1176 1123 1218 usus
1149 1157 1209 1231 est,
1236 1151 1312 1217 bene

331 1292 442 1357 faciens
464 1299 495 1358 et
518 1294 648 1381 singulis
671 1295 803 1381 proprie,
827 1300 858 1359 et
879 1292 1019 1359 omuibus
1044 1292 1251 1357 communiter.
1273 1290 1315 1356 Et

333 1429 414 1517 quod
437 1431 540 1498 multis
563 1434 682 1520 proprie
706 1431 901 1510 benefecerit,
926 1431 1078 1497 declarant
1098 1430 1206 1496 missae
1224 1427 1261 1495 ab
1280 1451 1315 1495 eo

334 1570 475 1657 epistolae
498 1572 535 1635 de
557 1571 736 1658 quibusdam
760 1572 798 1637 ad
821 1594 930 1659 regem.
954 1570 1045 1643 Quod
1065 1575 1163 1636 autem
1183 1574 1214 1633 et
1233 1590 1316 1633 eom·

334 1710 465 1777 maniter
498 1709 644 1777 benefecit
678 1711 800 1789 multis,
836 1718 867 1777 et
898 1712 1083 1777 demonstrat
1112 1708 1205 1787 illud,
1235 1708 1317 1793 quod

334 1849 451 1915 scilicet
492 1852 644 1931 civitatem
688 1874 772 1916 suam
814 1851 963 1938 Stagiram
1006 1850 1136 1915 dirutam
1173 1848 1259 1935 prius
1300 1869 1318 1911 a

336 1987 492 2075 Philippo,
511 1988 633 2054 induxit
652 1988 859 2055 Alexandrum
879 2011 978 2076 regem
995 1987 1102 2053 iterum
1115 1985 1318 2064 reaedificare,

337 2134 367 2193 et
389 2128 542 2215 regionem
562 2128 648 2193 aliam
669 2128 728 2217 ipsi
748 2128 836 2195 tradi.
856 2128 984 2216 Propter
1004 2127 1085 2213 quod
1097 2126 1318 2214 etStagiritani

336 2268 530 2334 festivitatem
563 2267 751 2335 celebrabant
778 2268 970 2347 Aristotelis,
993 2267 1200 2334 Aristoteliam
1223 2267 1319 2354 ipsam

339 2412 495 2484 uocantes,
522 2413 552 2473 et
575 2429 724 2487 mensem,
746 2408 778 2473 in
801 2431 862 2493 quc
884 2408 1031 2474 festivitas
1054 2406 1228 2484 celebratur,
1253 2406 1320 2471 Sta·

339 2547 460 2635 giritem
480 2546 689 2627 nominabant,
709 2554 739 2614 et
751 2548 839 2613 etiam
852 2546 1108 2613 Eressumurbem
1120 2544 1319 2633 Theophrasti

341 2694 371 2755 et
393 2686 525 2753 Phaniae
547 2711 670 2755 suorum
694 2688 929 2777 discipulorum,
951 2686 1105 2753 debentem
1129 2686 1257 2762 destrui,
1280 2685 1320 2750 li-

341 2828 455 2896 beravit
478 2828 690 2897 destructione.
715 2832 893 2918 Stagiritani
917 2836 1016 2897 autem
1040 2829 1190 2895 duxerunt
1213 2850 1321 2915 corpus

341 2968 515 3035 Aristotelis
547 2969 659 3035 mortui
691 2971 725 3035 in
756 2969 900 3035 Chalcide
929 2970 962 3035 iu
988 2969 1154 3057 Stagiram,
1177 2974 1208 3035 et
1229 2968 1322 3033 altare

342 3116 575 3176 construxerunt
597 3111 630 3175 in
651 3118 861 3193 monumento,
882 3113 981 3177 locum
1000 3110 1086 3176 illum
1105 3108 1321 3176 Aristoteleum
1421 3124 1424 3128 ·

342 3250 535 3338 appellantes,
569 3256 600 3317 et
629 3251 713 3317 illuc
734 3251 771 3317 ad
802 3251 966 3318 concilium
994 3249 1260 3339 congregabantur.
1281 3252 1322 3315 In

342 3392 447 3458 multis
478 3397 577 3459 autem
608 3398 638 3458 et
667 3384 905 3459 Atheniensibus
928 3390 1087 3469 benefecit,
1112 3396 1147 3457 ut
1171 3390 1322 3455 declarant

342 3538 503 3611 tractatus,
518 3598 519 3603 ,
533 3532 586 3617 qui
617 3538 688 3598 sunt
719 3532 757 3599 ad
786 3531 970 3619 Philippum.
993 3534 1101 3617 Itaque
1122 3530 1322 3596 Athenienses

342 3670 373 3734 in
405 3670 535 3757 acropoli
567 3675 698 3735 statuam
729 3671 775 3736 illi
809 3676 1050 3737 construxerunt.
1085 3670 1131 3735 Ut
1159 3675 1258 3735 autem
1292 3674 1323 3735 et

342 3808 481 3876 omnibus
517 3810 690 3876 hominibus
724 3810 935 3877 universaliter
968 3809 1167 3889 benefaceret,
1202 3810 1323 3897 scripsit

343 3949 515 4015 Alexandro
544 3948 654 4015 librum
684 3972 777 4015 unum
802 3950 838 4013 de
862 3972 969 4037 regno,
996 3950 1106 4015 docens
1128 3951 1228 4037 ipsum
1251 3972 1322 4035 qua-

343 4088 411 4154 liter
445 4093 580 4176 oporteat
614 4112 751 4176 regnare,
789 4094 819 4155 et
847 4090 881 4154 in
917 4095 1036 4155 tantum
1068 4090 1164 4155 movit
1194 4090 1323 4155 animam

345 4228 509 4295 Alexandri
542 4228 578 4294 ad
609 4229 799 4306 faciendum,
827 4230 908 4315 quod
933 4229 1064 4295 dicebat:
1086 4228 1166 4314 quod
1189 4252 1250 4295 uon
1272 4228 1322 4295 be·

345 4368 439 4435 nefeci
480 4367 630 4455 aliquibus
666 4368 770 4448 hodie,
806 4392 868 4435 non
899 4369 1031 4457 regnavi.
1058 4368 1156 4453 ¹{huod
1186 4368 1324 4454 aequale,

346 4514 503 4597 aegrotans
538 4509 657 4576 modice
683 4484 798 4576 'morbo
838 4509 1009 4599 ephemerc,
1047 4510 1100 4575 illa
1137 4509 1187 4574 die
1219 4532 1321 4596 opera·
