3417 5534
648 681 884 727 vanescamus
911 681 1031 727 vcasro.
1288 666 1326 726 11

352 872 445 937 tionis
487 872 660 939 recordatus
698 873 878 939 Aristotelea
911 896 974 939 non
1008 873 1105 939 solum
1137 874 1202 960 ejus
1235 873 1332 940 tilium

352 1012 535 1077 Nicanorem
559 1012 714 1090 educavit,
737 1018 768 1078 et
791 1013 874 1079 omni
898 1013 1036 1079 doctrina
1059 1012 1205 1091 erudivit,
1228 1036 1332 1079 verum

353 1152 442 1217 etiarn
473 1174 540 1217 eum
576 1151 634 1217 sibi
665 1152 762 1217 filiurn
793 1137 962 1239 adoptavIt,
994 1157 1025 1218 et
1054 1154 1184 1219 moriens
1213 1153 1247 1217 in
1277 1175 1332 1218 suo

354 1294 534 1357 testamento
548 1290 644 1376 jussit
663 1313 747 1357 suam
768 1291 861 1356 filiam
880 1293 1002 1357 nomine
1019 1292 1183 1377 Pythiada,
1200 1293 1332 1380 genitam

353 1428 556 1515 aPythiade,
587 1430 666 1496 tradi
696 1430 742 1496 illi
774 1430 922 1497 Nicanori
945 1433 977 1496 in
999 1454 1131 1498 uxorem.
1154 1431 1334 1498 Aristoteles

355 1573 453 1634 autem
483 1568 604 1654 juvenis
638 1569 736 1635 adhuc
770 1572 919 1637 exsistens
951 1571 1116 1638 doctrinam
1148 1571 1334 1657 eloquentiae

355 1707 528 1786 docebatur,
551 1712 586 1774 ut
609 1708 759 1774 declarant
783 1710 946 1777 Homerica
970 1716 1139 1777 commenta
1161 1712 1274 1799 scripta
1296 1710 1333 1775 ab

356 1871 407 1926 eo,
444 1853 475 1913 et
507 1848 613 1914 lhadis
648 1850 812 1929 dictamen,
846 1850 928 1935 quod
964 1850 1048 1916 dedit
1081 1850 1269 1928 Alexandro,
1304 1855 1335 1916 et

356 1988 494 2075 dialogus
524 1988 561 2053 de
590 1989 703 2075 poetis,
734 1994 764 2054 et
794 1993 942 2054 tractatus
965 1990 1002 2055 de
1024 1990 1159 2077 poetica,
1181 1995 1212 2054 et
1235 1988 1334 2054 rheto-

356 2128 424 2194 rica.
454 2128 566 2195 Pactus
597 2133 694 2194 autem
723 2127 824 2193 XVII
847 2150 1013 2207 annorum,
1035 2134 1067 2194 et
1088 2128 1199 2214 Pythia
1222 2128 1335 2216 praeci·

356 2270 456 2355 pionte
485 2268 583 2354 ipsum
615 2267 833 2355 philosophari,
865 2268 999 2334 mittitur
1025 2268 1176 2334 Athenas:
1206 2266 1258 2332 uhi
1282 2266 1334 2331 ad·

357 2406 453 2473 haesit
483 2407 614 2483 Socrati,
649 2412 678 2471 el
709 2412 842 2473 moratus
874 2412 920 2473 est
950 2431 1019 2473 curn
1053 2430 1089 2474 eo
1119 2407 1216 2473 tribus
1248 2407 1335 2472 annis

358 2569 451 2633 usque
484 2546 522 2611 ad
555 2548 644 2612 finem
679 2547 757 2613 vitae
786 2547 891 2634 ipsius.
926 2547 1052 2614 Mortuo
1075 2553 1174 2613 autem
1197 2548 1336 2625 Socrate,

224 2731 227 2736 -
358 2685 514 2751 Plutonem
545 2686 623 2764 adit,
655 2708 724 2751 cum
747 2708 841 2771 eoque
864 2709 958 2752 annos
982 2687 1092 2773 viginti
1117 2691 1250 2751 versatus
1273 2692 1335 2764 est,

359 2826 438 2891 sicut
460 2826 525 2911 ipse
547 2823 677 2891 declarat
701 2826 824 2891 mittens
847 2824 1005 2912 Philippo;
1026 2831 1056 2890 et
1074 2830 1190 2891 tantam
1210 2824 1335 2911 adeptus

359 2970 404 3030 est
435 2964 626 3030 dilectionem
659 2964 795 3031 Platonis
826 2970 855 3030 et
886 2965 1075 3054 diligentiam
1099 2966 1179 3031 circa
1200 2965 1335 3030 studium

359 3103 576 3192 philosophiae,
607 3110 643 3169 ut
672 3104 761 3169 Plato
791 3106 913 3170 domum
937 3105 1112 3170 Aristotelis
1135 3104 1255 3170 domum
1278 3104 1336 3169 lec·

359 3245 434 3311 toris
465 3250 599 3322 vocaret,
629 3249 659 3309 et
682 3242 767 3331 saepe
791 3242 923 3309 dicebat:
946 3266 1048 3309 eamus
1071 3244 1108 3309 ad
1131 3245 1252 3308 domum
1277 3242 1337 3307 lec·

359 3384 449 3463 toris;
482 3388 512 3448 et
540 3383 605 3471 ipso
629 3381 750 3449 absente
772 3406 788 3449 a
808 3382 954 3462 lectione,
977 3382 1139 3464 clamabat3
1164 3382 1337 3448 intellectus

360 3524 458 3602 abest,
481 3523 604 3589 surdum
628 3528 674 3589 est
696 3524 891 3589 auditorium.

405 3664 494 3729 Vixit
527 3640 625 3730 autem
660 3668 728 3751 post
762 3668 887 3727 mortem
918 3661 1056 3727 Platonis
1086 3662 1173 3727 annis
1200 3660 1338 3739 XXIII,

360 3803 468 3891 partim
510 3802 631 3887 quidem
670 3801 780 3865 docens
814 3800 1022 3866 Alexandrum
1057 3800 1155 3866 filium
1188 3800 1338 3886 Philippi,

361 3942 467 4031 partim
492 3946 590 4006 autem
613 3962 772 4027 peragrans
796 3961 866 4005 cum
888 3939 955 4026 ipso
979 3938 1103 4004 multam
1127 3943 1250 4011 terram,
1270 3960 1337 4024 par-

360 4083 415 4147 tim
448 4085 546 4145 autem
580 4101 762 4166 componens
792 4077 900 4153 libros,
928 4078 1036 4165 partim
1062 4099 1184 4142 munere
1207 4076 1339 4141 doctoris

270 4228 273 4235 '
360 4221 503 4285 eminens.
526 4218 599 4284 Non
622 4218 701 4283 enim
725 4240 841 4294 verum,
867 4216 948 4302 quod
970 4216 1140 4282 aedificavit
1158 4214 1338 4281 Aristoteles

360 4361 494 4445 Lyceum
518 4362 622 4423 contra
645 4357 799 4423 Platonem
820 4358 922 4423 vivum
943 4357 1151 4431 exsistentem,
1169 4355 1250 4419 sicut
1268 4354 1340 4419 Ari-

359 4508 503 4568 stoxenus
522 4499 690 4577 accusavit,
709 4503 739 4563 et
759 4497 925 4567 Aristocles
945 4501 1056 4589 postea.
1074 4494 1220 4566 Adhaesit
1239 4498 1337 4562 autem
