3417 5534
387 668 427 731 lt
682 684 780 731 varus
804 683 917 731 narina
941 684 1062 730 vcnsro.

384 877 505 944 Platoni
537 900 631 965 usque
661 876 699 943 ad
729 878 817 943 finem
849 900 947 946 suurn.
968 876 1057 943 Plato
1079 880 1178 943 antem
1197 880 1287 943 natus
1305 877 1367 943 fuit

385 1016 523 1081 Dictimo
566 1016 739 1082 dominante
779 1015 1033 1094 Atheniensibus,
1077 1022 1107 1081 ct
1141 1016 1244 1082 vivens
1278 1016 1365 1082 annis

384 1154 528 1220 LXXXI
552 1156 652 1220 finivit
678 1157 767 1222 vitam
793 1178 877 1220 suam
902 1154 960 1220 sub
983 1155 1159 1242 Theophilo.
1187 1155 1367 1221 Aristoteles

385 1300 483 1360 autem
507 1299 595 1360 natus
619 1292 674 1358 sub
699 1293 864 1381 Diotrephe
886 1299 917 1359 et
937 1296 1041 1359 vivens
1060 1296 1147 1360 annis
1167 1293 1283 1360 LXIII
1301 1318 1366 1361 mo·

386 1434 462 1499 ritur
492 1433 524 1497 in
557 1437 690 1520 tempore
713 1432 869 1499 Philoclis.
892 1432 1041 1499 Adhaesit
1063 1439 1162 1499 antem
1188 1434 1365 1499 Aristoteles

384 1571 505 1636 Platoni
536 1575 668 1658 tempore
701 1571 904 1659 Nausigenis:
935 1576 965 1637 et
996 1574 1119 1637 fuerunt
1142 1596 1158 1636 a
1181 1572 1365 1659 Theophilo,

386 1708 443 1775 sub
461 1732 521 1795 qno
542 1710 672 1775 moritur
691 1709 797 1787 Plato,
817 1732 912 1796 usque
923 1711 961 1776 ad
970 1709 1135 1776 Philoclem
1149 1711 1219 1776 anni
1232 1710 1365 1789 XXIII,

386 1848 496 1934 quihus
518 1848 699 1915 Aristoteles
723 1848 891 1935 supervixit
913 1848 1042 1915 Platoni.

431 1986 504 2053 Non
532 1988 627 2074 igitur
657 1987 843 2073 sicquidem
870 1988 1071 2067 mentiontur,
1095 1988 1175 2074 qnod
1198 1988 1258 2054 XL
1281 1989 1367 2054 annis

386 2128 563 2191 immoratus
586 2130 631 2190 est
654 2126 834 2191 Aristoteles
858 2126 915 2191 suh
933 2126 1060 2192 Platone
1078 2133 1211 2215 tempore
1221 2127 1365 2194 Eudoxi?

387 2264 552 2333 Aristotele
574 2265 651 2330 enirn
677 2265 795 2331 vivente
817 2265 936 2331 LXIII
955 2268 1059 2343 annis,
1077 2273 1138 2331 tres
1158 2267 1227 2331 anni
1248 2272 1366 2333 tantum

388 2410 534 2473 restarent
557 2428 573 2471 a
596 2410 692 2471 morte
712 2405 868 2484 Platonis,
890 2405 997 2471 ablatis
1017 2406 1116 2471 XVII
1137 2408 1239 2484 annis,
1257 2406 1367 2492 quibus

388 2546 507 2613 studuit
537 2546 568 2611 in
596 2546 705 2623 trivio,
727 2540 840 2624 tribus,
864 2546 974 2632 quibus
997 2546 1115 2612 studuit
1139 2570 1205 2612 cunr
1230 2549 1368 2625 Socrate,

388 2692 418 2751 et
448 2685 555 2751 ablutis
586 2685 662 2763 XL,
692 2683 802 2770 quibus
833 2685 952 2750 studuit
983 2708 1051 2751 curn
1083 2686 1209 2752 Platone
1239 2688 1287 2772 (ut
1309 2688 1366 2775 ipsi

388 2826 502 2911 ajunt),
537 2826 569 2890 in
604 2823 701 2890 tribus
735 2824 822 2889 annis
857 2846 917 2889 non
952 2824 1049 2890 solum
1084 2848 1145 2889 non
1179 2827 1239 2891 fuit
1273 2827 1367 2914 possi·

389 2962 449 3029 bile
481 2968 565 3029 tanta
599 2984 790 3050 componere,
826 2962 878 3027 sed
912 2962 1002 3028 etiarn
1036 2986 1092 3029 nec
1125 2964 1213 3030 facile
1242 2965 1368 3053 legendo

388 3108 604 3179 transcurrere,
637 3102 717 3167 siout
748 3100 949 3167 Philochorus
979 3102 1185 3169 historizavit:
1219 3110 1250 3169 et
1279 3105 1368 3169 etiam

389 3267 449 3309 non
485 3243 545 3308 fuit
579 3242 776 3319 conveniens,
818 3241 985 3307 Aristotele
1017 3249 1159 3308 extraneo
1192 3244 1369 3321 exsistente,

389 3406 476 3472 posse
504 3384 600 3449 facere
632 3387 737 3448 contra
768 3380 942 3460 Platonem,
973 3382 1025 3467 qui
1048 3388 1112 3447 erat
1135 3383 1209 3448 civis
1231 3388 1262 3449 et
1285 3384 1371 3449 valde

390 3528 496 3611 potans
527 3527 648 3610 propter
678 3520 837 3588 Chabriam
868 3527 899 3587 et
930 3521 1137 3600 Ihmothenm,
1168 3523 1371 3610 principantes

389 3660 643 3739 Atheniensibus,
673 3665 704 3726 et
734 3682 841 3748 genere
873 3659 930 3727 sibi
962 3642 1117 3749 cognatos.
1146 3661 1222 3727 Post
1244 3667 1370 3727 mortem

390 3806 489 3868 autem
530 3800 667 3867 Platonis
702 3800 888 3887 Speusippus
928 3801 1040 3887 recapit
1074 3800 1192 3866 scholas
1225 3800 1371 3866 Platonis.

390 3942 501 4009 Fuerat
528 3941 608 4006 enirn
638 3939 688 4006 hic
720 3940 801 4006 filius
830 3940 978 4018 Potones,
1001 3941 1111 4006 sororis
1134 3939 1277 4006 Platonis.
1300 3940 1372 4007 Ari-

392 4080 513 4147 stoteles
548 4084 646 4145 autem
680 4080 814 4145 nutritus
846 4083 893 4144 est
922 4079 955 4143 in
985 4054 1176 4155 Macedonio,
1202 4078 1254 4143 ubi
1285 4078 1372 4144 docet

391 4218 594 4287 Alexandrum
626 4218 722 4284 filium
756 4217 908 4306 Philippi,
935 4218 976 4306 (et
998 4218 1032 4281 in
1054 4222 1171 4283 tanturn
1194 4217 1254 4283 luit
1276 4216 1371 4283 hono·

391 4364 474 4426 ratus
506 4356 688 4469 aPhilippo
717 4362 746 4423 et
771 4331 950 4445 Olympiade
972 4361 1067 4421 matre
1088 4355 1269 4433 Alexandri,
1292 4356 1372 4442 quod

390 4497 436 4563 illi
467 4500 703 4564 construxerunt
731 4496 776 4561 vel
800 4496 1023 4562 constituerunt
1046 4517 1114 4561 cnm
1138 4496 1203 4561 sois
1225 4498 1370 4580 statuam)
