3417 5534
775 708 886 754 nomn.
1273 691 1314 753 25

384 899 463 967 Ibid.
485 900 554 967 Lin.
579 905 629 967 21.
654 903 708 965 καὶ
734 909 834 984 συνῆν
850 949 956 965 .....
970 901 1064 989 μέχρι
1084 901 1234 986 τελευτῆς
1252 903 1313 967 αὐ-

340 1045 396 1104 τοῦ
421 1042 550 1126 χρόνον.
575 1042 625 1107 Ita
647 1040 714 1108 MS.
736 1040 844 1128 Adjeci
868 1041 1037 1108 articulum

383 1317 462 1385 Ibid.
493 1319 562 1385 Irin.
593 1322 644 1386 23.
676 1318 878 1406 Εἷιιοσαέτης
906 1326 1091 1407 τυγχάνων.
1117 1322 1183 1389 MS.
1207 1323 1314 1390 Veraio

341 1460 380 1525 V.
409 1460 445 1524 L.
480 1482 549 1525 αυυι
580 1484 670 1547 eoque
700 1484 795 1529 αιιυοι
824 1463 938 1547 οῆρίνιίὶ
967 1470 1107 1529 emeatus
1139 1471 1200 1542 est,
1233 1465 1315 1529 aient

340 1602 406 1686 ipse
444 1601 591 1666 declarat.
630 1600 872 1669 Pseudo-Amm·
899 1600 1151 1683 calamistratos
1187 1603 1221 1668 δι’
1258 1610 1313 1671 τοῦ

341 1743 538 1825 Σωκράτους
562 1748 660 1826 φοιτᾷ
684 1738 856 1821 Πλάτωνι,
883 1744 938 1807 ιιαὶ
963 1745 1067 1827 τούτῳ
1087 1745 1236 1809 σύνεστιν
1257 1743 1313 1829 ἔτη

343 1878 382 1943 κ’.
420 1880 546 1967 Dionys.
578 1881 678 1947 Halic.
714 1884 769 1947 καὶ
802 1885 978 1958 συσταθεὶς
1008 1882 1167 1948 Πλάτωνι
1196 1889 1313 1969 χρόνον

342 2022 507 2103 εἰκοσαετῆ
533 2019 682 2107 διέτριψε
706 2023 764 2088 σάν
785 2022 886 2105 αὐτῷ.
909 2024 1087 2090 Aristoteles
1103 2024 1314 2112 septemdecim

342 2182 435 2227 annos
458 2166 547 2227 natus
570 2162 702 2227 Socratis
724 2163 760 2229 fit
779 2162 962 2250 discipulae,
981 2169 1015 2229 nt
1033 2169 1135 2229 noster
1152 2162 1315 2241 fabulatur,

341 2324 392 2387 per
422 2307 482 2366 tres
512 2322 622 2367 annos:
651 2302 761 2388 viginti
791 2324 886 2366 annos
908 2308 998 2367 natus
1021 2302 1137 2368 audivit
1158 2302 1315 2368 Platonem

340 2462 391 2526 per
420 2462 514 2505 annos
543 2440 659 2528 viginti.
682 2440 772 2505 Unde
795 2441 941 2527 conjicere
964 2441 1049 2518 licet,
1073 2440 1145 2505 olim
1169 2441 1315 2528 scriptum

341 2579 433 2644 fnisse
464 2581 519 2643 καὶ
552 2586 653 2660 συνῆν
686 2584 790 2663 τούτῳ
822 2581 879 2643 τὸν
907 2577 1000 2665 μέχρι
1034 2577 1183 2661 τελευτῆς
1215 2578 1314 2643 αυτοῦ

342 2722 458 2803 χρόνον
482 2718 604 2784 εἴκοσιν
629 2718 686 2803 ἔτη
707 2721 890 2801 εἷκοσαετῆς
912 2725 1095 2805 τυγχάνων.
1117 2727 1148 2786 et
1165 2720 1239 2785 hinc
1255 2720 1316 2785 lor-

341 2865 419 2925 tasse
451 2861 542 2925 fluxit
573 2865 713 2926 accentus
746 2860 870 2937 vitium,
900 2861 982 2947 qnod
1002 2859 1091 2926 habet
1115 2856 1312 2942 εἰκοσαέτης.

340 2998 405 3071 Qun
434 3005 534 3064 tamen
565 2999 709 3065 continno
740 3001 924 3080 εἶιιοσαετῆς
953 3004 1125 3084 τυγχάνων
1148 3021 1201 3085 per
1222 3019 1316 3062 annos

341 3138 450 3225 viginti
481 3137 603 3203 Platoni
635 3135 854 3216 συγγενέσθαι
886 3138 1009 3225 potuit?
1040 3140 1148 3223 Itaque
1169 3136 1241 3202 haec
1264 3160 1315 3224 po·

341 3285 448 3343 strema
479 3276 619 3343 videntur
650 3271 790 3357 delenda;
821 3277 903 3362 qnod
928 3279 953 3341 si
977 3301 1014 3343 ex
1037 3283 1138 3342 mente
1160 3275 1315 3363 biographi

341 3416 422 3502 (vide
441 3438 510 3482 mox
523 3421 841 3501 τεσσαρακοντουτης
854 3414 1092 3501 Ἀριστοτέλης
1106 3424 1204 3499 φοιτᾷ
1216 3412 1314 3478 Πλά-

340 3554 432 3644 τωνι)
458 3555 601 3621 servanda
624 3556 699 3633 sint,
725 3554 945 3642 transponenda
963 3562 993 3619 et
1012 3554 1138 3641 legenda
1157 3564 1228 3618 sunt
1247 3560 1316 3617 ante

340 3693 429 3761 verba
459 3698 514 3760 καὶ
546 3703 648 3777 συνῆν
679 3701 785 3779 τούτῳ
816 3722 846 3759 ιι.
877 3720 907 3758 τ.
941 3698 982 3775 εἳ,
1014 3702 1044 3759 et
1074 3694 1119 3759 sic
1149 3716 1180 3759 se
1210 3691 1316 3758 habeat

340 3835 438 3902 locus:
471 3837 552 3918 μετὰ
585 3833 619 3898 δὲ
655 3842 770 3902 τοῦτον
807 3844 905 3918 φοιτᾷ
939 3832 1098 3899 Πλάτωνι
1131 3835 1315 3913 εἰκοσαετῆς

341 3981 526 4062 τυγχάνων,
549 3978 604 4038 καὶ
625 3982 726 4057 συνῆν
745 3976 849 4057 τούτῳ
869 3975 926 4037 τὸν
944 3971 1037 4059 μέχρι
1052 3971 1201 4053 τελευτῆς
1215 3970 1314 4036 αὐτοῦ
1342 4003 1345 4008 ·

341 4121 457 4201 χρόνον
482 4115 604 4180 εἴκοσιν
629 4113 697 4198 ἔτη.
723 4114 864 4180 Ceterum
888 4112 1105 4180 observandam
1125 4119 1171 4177 est
1189 4112 1314 4199 Apollo·

339 4255 443 4320 domm
466 4255 499 4318 in
521 4253 680 4319 Chronicis
705 4253 795 4342 (apud
819 4253 987 4342 Diogenem
1006 4251 1176 4335 Laertium)
1200 4251 1314 4330 dicere,

337 4393 529 4461 Aristotelem
553 4392 764 4481 septemdecim
787 4415 882 4459 annos
904 4398 1008 4457 natum
1030 4392 1140 4457 adiisse
1155 4391 1311 4456 Platonem

337 4541 367 4599 et
401 4557 452 4622 per
486 4534 595 4621 viginti
630 4555 724 4597 annos
758 4532 848 4620 hujus
881 4532 997 4598 scholas
1028 4532 1239 4617 frequentasse.
1271 4567 1314 4579 -
