3417 5534
797 668 906 713 neren
1298 650 1340 709 45

363 859 446 925 ἄλλο
470 886 500 924 τι
520 862 585 925 τῶν
605 860 723 939 αὑτοῦ,
743 858 828 923 οέλλὰ
846 864 891 942 τῷ
911 856 990 921 αὐτὸ
1012 863 1179 923 κινεῖσθαι
1198 860 1341 941 πρῶτον·

365 1002 419 1064 καί
452 1003 540 1064 τοῦτ’
574 999 642 1064 ἔστι
676 1006 756 1062 καθ’
787 999 866 1062 αὑτὸ
892 1001 1026 1082 κινητόν
1043 1044 1149 1059 .....
1176 998 1239 1061 sive
1262 1002 1341 1059 καθ’

365 1140 444 1204 αὐτὸ
477 1141 622 1224 πρῶτον,
657 1132 726 1202 οίον
759 1140 777 1201 ό
805 1140 913 1222 ἰατρὸς
940 1139 1042 1201 ι’ἇται.
1067 1136 1270 1225 Philosophus
1294 1159 1344 1201 va-

364 1281 422 1345 rias
448 1280 577 1345 rationes
602 1284 756 1359 κινήσεως
780 1300 877 1343 rernm
901 1276 1040 1363 indagat:
1064 1299 1133 1341 nem
1155 1278 1264 1360 ι’ἇτρος
1279 1298 1343 1341 ιο.

364 1416 499 1481 ἅλλεται
537 1420 622 1481 κατὰ
659 1419 860 1502 συμβεβηκὸς
893 1416 944 1481 sed
978 1418 1086 1499 ι’ἇτρος
1119 1417 1208 1478 ι’ἇται
1245 1413 1343 1487 αὐτὸς

365 1563 445 1620 καθ’
483 1556 595 1635 αὑτὸν,
631 1557 663 1622 in
693 1556 746 1621 illo
778 1562 823 1621 est
853 1553 1037 1641 μεταβολή,
1068 1556 1101 1618 in
1124 1553 1182 1619 hoe
1205 1575 1266 1618 non
1290 1560 1343 1618 est.

365 1695 449 1768 Quae
480 1718 567 1781 quam
600 1695 675 1760 male
706 1694 889 1760 intellexerit
919 1692 1118 1781 biographus,
1149 1694 1200 1759 vix
1224 1714 1343 1757 monere

367 1856 487 1899 neeesse
518 1840 570 1900 est.
603 1834 683 1899 Nam
706 1834 815 1921 triplex
838 1833 891 1898 illa
915 1833 1062 1915 κίνησις,
1085 1854 1174 1918 quam
1198 1830 1345 1896 hocloco

366 1972 546 2039 Aristoteles
570 1978 718 2051 recenset,
743 1974 778 2036 ἐν
804 1978 873 2047 τοῖς
898 1972 1081 2055 ε’γκοσμίοις
1102 1993 1166 2037 esse
1185 1971 1265 2049 vult,
1290 1969 1346 2034 snb

367 2112 436 2178 libri
459 2113 548 2179 finem
574 2112 693 2179 demum
717 2113 815 2200 pergit
838 2112 875 2177 ad
900 2136 931 2174 τι
955 2112 1184 2196 ὑπερκόσμιον.

409 2389 487 2455 Ibid.
520 2390 589 2455 Lin.
622 2393 662 2456 13
694 2395 724 2455 et
748 2412 828 2475 seqq.
851 2388 888 2454 ἐν
913 2394 958 2453 τῶ
983 2387 1089 2472 ὀγδόῳ
1114 2395 1170 2469 τῆς
1194 2394 1342 2472 φυσικῆς.

367 2552 397 2592 κ.
434 2554 464 2591 τ.
499 2532 524 2591 ἑ.
563 2528 623 2594 cfr.
654 2530 781 2595 Aristot.
812 2528 932 2612 Physie.
963 2530 1085 2593 Aeroas.
1116 2528 1209 2592 VIII.
1243 2532 1271 2593 5.
1294 2528 1345 2591 fin.

367 2672 509 2752 φανερὸν
542 2668 656 2733 τοίνυν
689 2670 723 2731 ἐκ
756 2673 881 2733 τούτων
905 2668 955 2731 ὃτι
981 2666 1049 2731 ἔστι
1075 2667 1110 2730 τὸ
1134 2669 1268 2751 πρώτως
1293 2692 1346 2729 κι-

369 2817 447 2874 νοῦν
478 2805 652 2889 α’κίνητον·
685 2806 714 2869 εί
744 2830 777 2870 τε
802 2808 863 2890 γὰρ
888 2806 987 2880 εὐθυς
1010 2807 1143 2869 ἵσταται
1170 2806 1207 2869 τὸ
1232 2809 1345 2869 κινοιί-

367 2969 479 3029 μενον,
514 2945 576 3008 ὑπό
612 2969 702 3019 τινος
735 2943 770 3009 δὲ
801 2950 1009 3028 κινουμενον,
1044 2947 1088 3020 εἷς
1117 2944 1276 3027 οἰκίνητον
1309 2946 1345 3007 τὸ

369 3086 512 3168 πρῶτον,
538 3082 567 3147 εί
590 3108 624 3147 τε
650 3085 694 3158 εἰς
719 3088 913 3167 κινοιίμενον
937 3086 1010 3166 μὲν,
1034 3082 1114 3148 αὐτὸ
1139 3080 1169 3146 δ’
1194 3082 1272 3146 αὑτὸ
1294 3107 1346 3146 κι-

369 3226 446 3287 νοῦν
483 3225 538 3286 καί
573 3221 902 3308 ἱστὰνςαμφοτέρως
938 3223 1111 3310 συμβαίνει
1144 3223 1180 3285 τὸ
1211 3224 1346 3306 πρώτως

371 3371 484 3429 κινοῦν
518 3363 552 3427 ἐν
584 3364 709 3426 ἅπασιν
735 3353 821 3426 εἶναι
847 3368 914 3436 τοῖς
940 3361 1147 3445 κινουμένοις
1172 3361 1344 3445 ἀκίνητον.

412 3639 491 3705 Ibid.
521 3640 590 3705 Irin.
617 3643 658 3704 lt
681 3644 710 3705 et
734 3662 814 3725 seqq.
839 3638 939 3705 αυτοῦ
963 3638 997 3702 δὲ
1024 3639 1140 3724 εὕρεμα
1165 3641 1219 3703 καί
1245 3644 1266 3720 ἡ
1289 3636 1346 3702 λο-

369 3783 443 3860 γικὴ
480 3780 538 3853 τὰς
575 3776 824 3856 σολλογιστικοίς
855 3777 1018 3860 μεθόδους
1047 3781 1113 3842 τῶν
1146 3781 1345 3862 πραγμάτων

372 3918 436 3982 οἷπο
454 3963 636 3981 ........
678 3942 789 3991 αντος.
825 3917 928 4005 (Hanc
960 3918 1199 3983 terminationem
1233 3916 1348 3982 indicat

370 4057 539 4146 compendii
574 4058 694 4143 signum
729 4056 809 4140 quod
844 4056 964 4122 exhibet
997 4056 1076 4142 MS.)
1111 4055 1346 4121 Pseudo-Amm.

371 4206 411 4281 τῇ
432 4198 493 4280 μὲν
518 4198 579 4281 γὰρ
606 4194 722 4280 λογικῇ
745 4193 928 4280 προσέθηκε
951 4193 1123 4280 διακρίνας
1147 4196 1222 4269 τους
1246 4197 1347 4260 κανό-

372 4361 432 4411 νας
455 4335 521 4399 οίπὸ
545 4338 611 4400 τῶν
637 4339 836 4419 πραγμάτων
864 4337 919 4398 καί
943 4339 1080 4415 ποιήσας
1104 4338 1164 4415 τὴν
1189 4332 1347 4398 οίποδεικ-

373 4480 468 4557 τικὴν
492 4472 638 4558 μέθοδον
666 4474 710 4559 (σί
733 4476 794 4559 γοίρ
816 4472 919 4538 πάλαι
939 4471 1112 4547 οίποδεῖξαι
1131 4475 1191 4557 μὲν
1211 4472 1345 4553 ᾔδεσαν,
