<?xml version="1.0" encoding="UTF-8"?>
<!DOCTYPE html PUBLIC "-//W3C//DTD XHTML 1.0 Transitional//EN"
    "http://www.w3.org/TR/xhtml1/DTD/xhtml1-transitional.dtd">
<html xmlns="http://www.w3.org/1999/xhtml" xml:lang="en" lang="en">
 <head>
  <title>
</title>
<meta http-equiv="Content-Type" content="text/html;charset=utf-8" />
  <meta name='ocr-system' content='tesseract 3.04.00' />
  <meta name='ocr-capabilities' content='ocr_page ocr_carea ocr_par ocr_line ocrx_word'/>
</head>
<body>
  <div class='ocr_page' id='page_1' title='image "./vitaaristotelis00hermgoog_0061.png"; bbox 0 0 3417 5534; ppageno 0'>
   <div class='ocr_carea' id='block_1_1' title="bbox 778 690 1322 750">
    <p class='ocr_par' dir='ltr' id='par_1_1' title="bbox 778 690 1322 750">
     <span class='ocr_line' id='line_1_1' title="bbox 778 690 1322 750; baseline 0.002 -1"><span class='ocrx_word' id='word_1_1' title='bbox 778 704 888 749; x_wconf 78' lang='grc' dir='ltr'><strong><em>ιιοτιιι.</em></strong></span> <span class='ocrx_word' id='word_1_2' title='bbox 1283 690 1322 750; x_wconf 82' lang='grc'><strong><em>41</em></strong></span> 
     </span>
    </p>
   </div>
   <div class='ocr_carea' id='block_1_2' title="bbox 346 894 1326 1263">
    <p class='ocr_par' dir='ltr' id='par_1_2' title="bbox 346 894 1326 1263">
     <span class='ocr_line' id='line_1_2' title="bbox 346 894 1323 982; baseline -0.002 -21"><span class='ocrx_word' id='word_1_3' title='bbox 346 899 411 961; x_wconf 81' lang='grc' dir='ltr'><strong><em>τῶν</em></strong></span> <span class='ocrx_word' id='word_1_4' title='bbox 443 899 600 963; x_wconf 87' lang='grc' dir='ltr'><strong><em>τοιοιίτιον</em></strong></span> <span class='ocrx_word' id='word_1_5' title='bbox 632 894 778 982; x_wconf 81' lang='grc' dir='ltr'><em>σφοδρῶς</em></span> <span class='ocrx_word' id='word_1_6' title='bbox 809 896 1057 981; x_wconf 74' lang='grc' dir='ltr'><strong><em>ἀποφαίνεσθαι</em></strong></span> <span class='ocrx_word' id='word_1_7' title='bbox 1089 900 1131 979; x_wconf 82' lang='grc' dir='ltr'><strong><em>μὴ</em></strong></span> <span class='ocrx_word' id='word_1_8' title='bbox 1165 894 1323 971; x_wconf 81' lang='grc' dir='ltr'><strong><em>πολλάκις</em></strong></span> 
     </span>
     <span class='ocr_line' id='line_1_3' title="bbox 347 1033 1324 1121; baseline 0 -21"><span class='ocrx_word' id='word_1_9' title='bbox 347 1035 596 1121; x_wconf 76' lang='grc' dir='ltr'><strong><em>ἐπεσκεμμένον.</em></strong></span> <span class='ocrx_word' id='word_1_10' title='bbox 629 1038 676 1099; x_wconf 90' lang='grc' dir='ltr'><strong><em>Τὸ</em></strong></span> <span class='ocrx_word' id='word_1_11' title='bbox 706 1035 819 1119; x_wconf 80' lang='grc' dir='ltr'><strong><em>μέντοι</em></strong></span> <span class='ocrx_word' id='word_1_12' title='bbox 849 1033 1084 1121; x_wconf 81' lang='grc' dir='ltr'><strong><em>διηπορηκέναι</em></strong></span> <span class='ocrx_word' id='word_1_13' title='bbox 1111 1037 1162 1119; x_wconf 77' lang='grc' dir='ltr'><strong><em>ἐφ’</em></strong></span> <span class='ocrx_word' id='word_1_14' title='bbox 1186 1040 1324 1101; x_wconf 79' lang='grc' dir='ltr'><em>ἑκάστου</em></span> 
     </span>
     <span class='ocr_line' id='line_1_4' title="bbox 347 1174 1326 1263; baseline 0.001 -23"><span class='ocrx_word' id='word_1_15' title='bbox 347 1176 456 1242; x_wconf 78' lang='grc' dir='ltr'><strong><em>αὐτῶν</em></strong></span> <span class='ocrx_word' id='word_1_16' title='bbox 489 1176 547 1241; x_wconf 80' lang='grc' dir='ltr'><strong><em>οὐκ</em></strong></span> <span class='ocrx_word' id='word_1_17' title='bbox 570 1179 734 1263; x_wconf 83' lang='grc' dir='ltr'><strong><em>ἄχρηστόν</em></strong></span> <span class='ocrx_word' id='word_1_18' title='bbox 764 1174 845 1240; x_wconf 76' lang='grc' dir='ltr'><strong><em>ἐστι·</em></strong></span> <span class='ocrx_word' id='word_1_19' title='bbox 871 1176 932 1241; x_wconf 75' lang='lat' dir='ltr'><strong><em>cfr.</em></strong></span> <span class='ocrx_word' id='word_1_20' title='bbox 954 1182 984 1241; x_wconf 83' lang='lat' dir='ltr'><strong><em>et</em></strong></span> <span class='ocrx_word' id='word_1_21' title='bbox 1006 1176 1092 1241; x_wconf 84' lang='lat' dir='ltr'>Vers.</span> <span class='ocrx_word' id='word_1_22' title='bbox 1114 1175 1154 1241; x_wconf 83' lang='lat' dir='ltr'><strong><em>V.</em></strong></span> <span class='ocrx_word' id='word_1_23' title='bbox 1176 1177 1211 1241; x_wconf 85' lang='lat' dir='ltr'><strong><em>L.</em></strong></span> <span class='ocrx_word' id='word_1_24' title='bbox 1236 1175 1326 1241; x_wconf 84' lang='lat' dir='ltr'>Unde</span> 
     </span>
    </p>
   </div>
   <div class='ocr_carea' id='block_1_3' title="bbox 347 1313 1270 1404">
    <p class='ocr_par' dir='ltr' id='par_1_3' title="bbox 347 1313 1270 1404">
     <span class='ocr_line' id='line_1_5' title="bbox 347 1313 1270 1404; baseline -0.004 -23"><span class='ocrx_word' id='word_1_25' title='bbox 347 1338 383 1381; x_wconf 87' lang='lat' dir='ltr'><strong><em>ex</em></strong></span> <span class='ocrx_word' id='word_1_26' title='bbox 406 1317 577 1404; x_wconf 77' lang='lat' dir='ltr'>conjectura</span> <span class='ocrx_word' id='word_1_27' title='bbox 600 1314 715 1381; x_wconf 82' lang='lat' dir='ltr'>hiatum</span> <span class='ocrx_word' id='word_1_28' title='bbox 739 1314 874 1403; x_wconf 81' lang='lat' dir='ltr'>supplevi</span> <span class='ocrx_word' id='word_1_29' title='bbox 896 1319 960 1397; x_wconf 82' lang='grc' dir='ltr'><strong><em>μὴν</em></strong></span> <span class='ocrx_word' id='word_1_30' title='bbox 986 1313 1060 1379; x_wconf 79' lang='grc' dir='ltr'><strong><em>οὐδὲ</em></strong></span> <span class='ocrx_word' id='word_1_31' title='bbox 1087 1313 1270 1399; x_wconf 72' lang='grc' dir='ltr'><strong><em>διαπορεῖν.</em></strong></span> 
     </span>
    </p>
   </div>
   <div class='ocr_carea' id='block_1_4' title="bbox 347 1592 1329 3489">
    <p class='ocr_par' dir='ltr' id='par_1_4' title="bbox 347 1592 1329 3489">
     <span class='ocr_line' id='line_1_6' title="bbox 391 1592 1325 1679; baseline -0.001 -21"><span class='ocrx_word' id='word_1_32' title='bbox 391 1592 471 1659; x_wconf 87' lang='lat' dir='ltr'><strong>Ibid.</strong></span> <span class='ocrx_word' id='word_1_33' title='bbox 500 1592 570 1659; x_wconf 87' lang='lat' dir='ltr'><strong><em>Lin.</em></strong></span> <span class='ocrx_word' id='word_1_34' title='bbox 603 1595 631 1659; x_wconf 88' lang='grc'><strong><em>7.</em></strong></span> <span class='ocrx_word' id='word_1_35' title='bbox 661 1592 729 1658; x_wconf 84' lang='lat' dir='ltr'><strong><em>MS.</em></strong></span> <span class='ocrx_word' id='word_1_36' title='bbox 761 1595 815 1657; x_wconf 84' lang='grc' dir='ltr'><strong><em>καί</em></strong></span> <span class='ocrx_word' id='word_1_37' title='bbox 848 1594 884 1658; x_wconf 76' lang='grc' dir='ltr'><strong><em>ἐν</em></strong></span> <span class='ocrx_word' id='word_1_38' title='bbox 917 1598 985 1668; x_wconf 84' lang='grc' dir='ltr'><strong><em>τοῖς</em></strong></span> <span class='ocrx_word' id='word_1_39' title='bbox 1016 1595 1090 1679; x_wconf 79' lang='grc' dir='ltr'><strong><em>περί</em></strong></span> <span class='ocrx_word' id='word_1_40' title='bbox 1114 1595 1170 1658; x_wconf 81' lang='grc' dir='ltr'><strong><em>τοῦ</em></strong></span> <span class='ocrx_word' id='word_1_41' title='bbox 1194 1594 1325 1673; x_wconf 77' lang='grc' dir='ltr'><strong><em>οἶμαθοῦ</em></strong></span> 
     </span>
     <span class='ocr_line' id='line_1_7' title="bbox 349 1730 1323 1818; baseline -0.002 -21"><span class='ocrx_word' id='word_1_42' title='bbox 349 1730 399 1797; x_wconf 86' lang='grc' dir='ltr'><strong><em>δεῖ</em></strong></span> <span class='ocrx_word' id='word_1_43' title='bbox 420 1740 605 1816; x_wconf 74' lang='grc' dir='ltr'><strong><em>μεμνῆσθαι</em></strong></span> <span class='ocrx_word' id='word_1_44' title='bbox 630 1736 812 1818; x_wconf 74' lang='grc' dir='ltr'><strong><em>ἄνθρωπον</em></strong></span> <span class='ocrx_word' id='word_1_45' title='bbox 837 1735 920 1798; x_wconf 88' lang='grc' dir='ltr'><strong><em>ὄντα</em></strong></span> <span class='ocrx_word' id='word_1_46' title='bbox 944 1732 981 1797; x_wconf 79' lang='grc' dir='ltr'><strong><em>οὐ</em></strong></span> <span class='ocrx_word' id='word_1_47' title='bbox 1001 1736 1102 1815; x_wconf 88' lang='grc' dir='ltr'><strong><em>μόνον</em></strong></span> <span class='ocrx_word' id='word_1_48' title='bbox 1117 1780 1323 1796; x_wconf 89' lang='grc'><strong>.........</strong></span> 
     </span>
     <span class='ocr_line' id='line_1_8' title="bbox 351 1871 1326 1939; baseline 0.004 -4"><span class='ocrx_word' id='word_1_49' title='bbox 351 1919 456 1936; x_wconf 91' lang='grc'><strong>.....</strong></span> <span class='ocrx_word' id='word_1_50' title='bbox 483 1876 538 1937; x_wconf 86' lang='grc' dir='ltr'><strong><em>καί</em></strong></span> <span class='ocrx_word' id='word_1_51' title='bbox 569 1874 625 1937; x_wconf 88' lang='grc' dir='ltr'><strong><em>τὸν</em></strong></span> <span class='ocrx_word' id='word_1_52' title='bbox 649 1871 906 1938; x_wconf 83' lang='grc' dir='ltr'><strong><em>οίποδεικνιίντα.</em></strong></span> <span class='ocrx_word' id='word_1_53' title='bbox 931 1873 1024 1938; x_wconf 85' lang='lat' dir='ltr'>Liber</span> <span class='ocrx_word' id='word_1_54' title='bbox 1046 1874 1082 1938; x_wconf 87' lang='lat' dir='ltr'><strong><em>de</em></strong></span> <span class='ocrx_word' id='word_1_55' title='bbox 1106 1872 1192 1938; x_wconf 88' lang='lat' dir='ltr'><strong>Bono</strong></span> <span class='ocrx_word' id='word_1_56' title='bbox 1215 1896 1326 1939; x_wconf 90' lang='lat' dir='ltr'>memo·</span> 
     </span>
     <span class='ocr_line' id='line_1_9' title="bbox 347 2011 1327 2097; baseline -0.001 -19"><span class='ocrx_word' id='word_1_57' title='bbox 347 2017 430 2078; x_wconf 78' lang='lat' dir='ltr'><strong>ratur</strong></span> <span class='ocrx_word' id='word_1_58' title='bbox 460 2012 549 2077; x_wconf 81' lang='lat' dir='ltr'>etiam</span> <span class='ocrx_word' id='word_1_59' title='bbox 580 2011 617 2076; x_wconf 81' lang='lat' dir='ltr'><strong><em>ab</em></strong></span> <span class='ocrx_word' id='word_1_60' title='bbox 647 2016 768 2078; x_wconf 81' lang='lat' dir='ltr'>auctore</span> <span class='ocrx_word' id='word_1_61' title='bbox 799 2015 960 2097; x_wconf 87' lang='lat' dir='ltr'><strong>Anonymo</strong></span> <span class='ocrx_word' id='word_1_62' title='bbox 991 2013 1069 2077; x_wconf 84' lang='lat' dir='ltr'>vitae</span> <span class='ocrx_word' id='word_1_63' title='bbox 1098 2013 1225 2078; x_wconf 80' lang='lat' dir='ltr'><strong><em>Aristot.</em></strong></span> <span class='ocrx_word' id='word_1_64' title='bbox 1257 2019 1327 2077; x_wconf 78' lang='lat' dir='ltr'><strong><em>ete</em></strong></span> 
     </span>
     <span class='ocr_line' id='line_1_10' title="bbox 349 2150 1327 2239; baseline -0.002 -22"><span class='ocrx_word' id='word_1_65' title='bbox 349 2151 487 2239; x_wconf 85' lang='lat' dir='ltr'>Diogene</span> <span class='ocrx_word' id='word_1_66' title='bbox 516 2152 616 2216; x_wconf 76' lang='grc' dir='ltr'><strong><em>Ιιοὸιί.</em></strong></span> <span class='ocrx_word' id='word_1_67' title='bbox 649 2151 682 2215; x_wconf 88' lang='lat' dir='ltr'><strong><em>in</em></strong></span> <span class='ocrx_word' id='word_1_68' title='bbox 714 2152 776 2216; x_wconf 80' lang='lat' dir='ltr'>viia</span> <span class='ocrx_word' id='word_1_69' title='bbox 806 2151 901 2216; x_wconf 80' lang='lat' dir='ltr'><strong>Arist.</strong></span> <span class='ocrx_word' id='word_1_70' title='bbox 931 2150 993 2216; x_wconf 75' lang='lat' dir='ltr'><strong><em>cfr.</em></strong></span> <span class='ocrx_word' id='word_1_71' title='bbox 1018 2152 1048 2216; x_wconf 87' lang='lat' dir='ltr'><strong><em>J.</em></strong></span> <span class='ocrx_word' id='word_1_72' title='bbox 1071 2151 1205 2238; x_wconf 77' lang='lat' dir='ltr'>Theoph.</span> <span class='ocrx_word' id='word_1_73' title='bbox 1228 2151 1327 2217; x_wconf 90' lang='lat' dir='ltr'>Buhle</span> 
     </span>
     <span class='ocr_line' id='line_1_11' title="bbox 347 2290 1326 2377; baseline 0 -22"><span class='ocrx_word' id='word_1_74' title='bbox 347 2291 474 2355; x_wconf 79' lang='lat' dir='ltr'><strong><em>Arisioi.</em></strong></span> <span class='ocrx_word' id='word_1_75' title='bbox 497 2311 585 2377; x_wconf 80' lang='lat' dir='ltr'>opera</span> <span class='ocrx_word' id='word_1_76' title='bbox 608 2290 707 2355; x_wconf 81' lang='lat' dir='ltr'>omnia</span> <span class='ocrx_word' id='word_1_77' title='bbox 726 2291 850 2377; x_wconf 86' lang='lat' dir='ltr'>Biponti</span> <span class='ocrx_word' id='word_1_78' title='bbox 873 2292 967 2356; x_wconf 88' lang='grc'><strong>1791.</strong></span> <span class='ocrx_word' id='word_1_79' title='bbox 988 2290 1023 2355; x_wconf 84' lang='grc' dir='ltr'><strong><em>Τ.</em></strong></span> <span class='ocrx_word' id='word_1_80' title='bbox 1043 2292 1068 2355; x_wconf 93' lang='grc' dir='ltr'><strong><em>Ι.</em></strong></span> <span class='ocrx_word' id='word_1_81' title='bbox 1089 2314 1116 2377; x_wconf 89' lang='lat' dir='ltr'><strong><em>p.</em></strong></span> <span class='ocrx_word' id='word_1_82' title='bbox 1137 2295 1179 2355; x_wconf 81' lang='lat'><strong><em>62</em></strong></span> <span class='ocrx_word' id='word_1_83' title='bbox 1192 2296 1261 2377; x_wconf 83' lang='lat' dir='ltr'><strong><em>etp.</em></strong></span> <span class='ocrx_word' id='word_1_84' title='bbox 1275 2295 1326 2355; x_wconf 80' lang='lat'><strong><em>20.</em></strong></span> 
     </span>
     <span class='ocr_line' id='line_1_12' title="bbox 348 2428 1327 2514; baseline 0.002 -21"><span class='ocrx_word' id='word_1_85' title='bbox 348 2429 507 2493; x_wconf 81' lang='lat' dir='ltr'><strong>Caeterum</strong></span> <span class='ocrx_word' id='word_1_86' title='bbox 538 2429 571 2492; x_wconf 90' lang='lat' dir='ltr'><strong><em>in</em></strong></span> <span class='ocrx_word' id='word_1_87' title='bbox 602 2428 687 2493; x_wconf 79' lang='lat' dir='ltr'>Vere.</span> <span class='ocrx_word' id='word_1_88' title='bbox 719 2428 757 2493; x_wconf 89' lang='lat' dir='ltr'><strong><em>V.</em></strong></span> <span class='ocrx_word' id='word_1_89' title='bbox 780 2428 815 2494; x_wconf 88' lang='lat' dir='ltr'><strong><em>L.</em></strong></span> <span class='ocrx_word' id='word_1_90' title='bbox 850 2430 975 2514; x_wconf 73' lang='lat' dir='ltr'><strong><em>Oportet</em></strong></span> <span class='ocrx_word' id='word_1_91' title='bbox 997 2430 1156 2495; x_wconf 81' lang='grc' dir='ltr'><strong><em>ναοίαίιιί</em></strong></span> <span class='ocrx_word' id='word_1_92' title='bbox 1178 2431 1327 2495; x_wconf 77' lang='lat' dir='ltr'><strong><em>hominem</em></strong></span> 
     </span>
     <span class='ocr_line' id='line_1_13' title="bbox 349 2569 1328 2655; baseline 0.002 -23"><span class='ocrx_word' id='word_1_93' title='bbox 349 2570 526 2635; x_wconf 68' lang='lat' dir='ltr'><strong><em>existentem</em></strong></span> <span class='ocrx_word' id='word_1_94' title='bbox 549 2591 609 2634; x_wconf 85' lang='grc' dir='ltr'><strong><em>αοιι</em></strong></span> <span class='ocrx_word' id='word_1_95' title='bbox 627 2569 724 2635; x_wconf 71' lang='lat' dir='ltr'><em>solum</em></span> <span class='ocrx_word' id='word_1_96' title='bbox 744 2570 815 2635; x_wconf 78' lang='lat' dir='ltr'><strong><em>bene</em></strong></span> <span class='ocrx_word' id='word_1_97' title='bbox 824 2571 1027 2655; x_wconf 74' lang='lat' dir='ltr'><em>fortunatum</em></span> <span class='ocrx_word' id='word_1_98' title='bbox 1046 2570 1103 2633; x_wconf 77' lang='grc' dir='ltr'><strong><em>ινδ</em></strong></span> <span class='ocrx_word' id='word_1_99' title='bbox 1119 2569 1328 2634; x_wconf 69' lang='lat' dir='ltr'><strong><em>demonstran·</em></strong></span> 
     </span>
     <span class='ocr_line' id='line_1_14' title="bbox 349 2706 1329 2794; baseline -0.003 -20"><span class='ocrx_word' id='word_1_100' title='bbox 349 2716 419 2775; x_wconf 75' lang='lat' dir='ltr'><strong><em>tem:</em></strong></span> <span class='ocrx_word' id='word_1_101' title='bbox 454 2708 557 2794; x_wconf 81' lang='lat' dir='ltr'>itaque</span> <span class='ocrx_word' id='word_1_102' title='bbox 591 2708 706 2774; x_wconf 80' lang='lat' dir='ltr'>Graeca</span> <span class='ocrx_word' id='word_1_103' title='bbox 734 2707 792 2774; x_wconf 85' lang='lat' dir='ltr'><strong><em>hoe</em></strong></span> <span class='ocrx_word' id='word_1_104' title='bbox 821 2709 911 2774; x_wconf 87' lang='lat' dir='ltr'>modo</span> <span class='ocrx_word' id='word_1_105' title='bbox 945 2708 1130 2775; x_wconf 80' lang='lat' dir='ltr'>restituenda</span> <span class='ocrx_word' id='word_1_106' title='bbox 1159 2714 1246 2774; x_wconf 86' lang='lat' dir='ltr'><strong>sunt:</strong></span> <span class='ocrx_word' id='word_1_107' title='bbox 1278 2706 1329 2773; x_wconf 85' lang='grc' dir='ltr'><strong><em>δεῖ</em></strong></span> 
     </span>
     <span class='ocr_line' id='line_1_15' title="bbox 349 2845 1327 2933; baseline -0.003 -21"><span class='ocrx_word' id='word_1_108' title='bbox 349 2854 534 2931; x_wconf 76' lang='grc' dir='ltr'><strong><em>μεμνῆσθαι</em></strong></span> <span class='ocrx_word' id='word_1_109' title='bbox 558 2850 740 2933; x_wconf 81' lang='grc' dir='ltr'><strong><em>ἄνθρωπον</em></strong></span> <span class='ocrx_word' id='word_1_110' title='bbox 763 2851 844 2913; x_wconf 90' lang='grc' dir='ltr'><strong><em>ὄντα</em></strong></span> <span class='ocrx_word' id='word_1_111' title='bbox 869 2846 906 2912; x_wconf 72' lang='grc' dir='ltr'><strong><em>οι)</em></strong></span> <span class='ocrx_word' id='word_1_112' title='bbox 923 2851 1024 2929; x_wconf 89' lang='grc' dir='ltr'><strong><em>μόνον</em></strong></span> <span class='ocrx_word' id='word_1_113' title='bbox 1045 2845 1224 2930; x_wconf 81' lang='grc' dir='ltr'><strong><em>εὐδαίμονα</em></strong></span> <span class='ocrx_word' id='word_1_114' title='bbox 1241 2845 1327 2910; x_wconf 79' lang='grc' dir='ltr'><strong><em>οἰλλὰ</em></strong></span> 
     </span>
     <span class='ocr_line' id='line_1_16' title="bbox 350 2974 1326 3072; baseline 0.002 -22"><span class='ocrx_word' id='word_1_115' title='bbox 350 2990 403 3050; x_wconf 88' lang='grc' dir='ltr'><strong><em>καί</em></strong></span> <span class='ocrx_word' id='word_1_116' title='bbox 425 2985 683 3052; x_wconf 80' lang='grc' dir='ltr'><strong><em>οέποδεικνιίντα.</em></strong></span> <span class='ocrx_word' id='word_1_117' title='bbox 704 2986 809 3052; x_wconf 81' lang='lat' dir='ltr'>Simile</span> <span class='ocrx_word' id='word_1_118' title='bbox 829 2987 904 3072; x_wconf 89' lang='lat' dir='ltr'>quid</span> <span class='ocrx_word' id='word_1_119' title='bbox 925 2974 1014 3052; x_wconf 79' lang='lat' dir='ltr'>habet</span> <span class='ocrx_word' id='word_1_120' title='bbox 1033 2986 1212 3053; x_wconf 71' lang='lat' dir='ltr'>Aristoteles</span> <span class='ocrx_word' id='word_1_121' title='bbox 1224 2986 1326 3052; x_wconf 76' lang='lat' dir='ltr'><strong><em>Ethic.</em></strong></span> 
     </span>
     <span class='ocr_line' id='line_1_17' title="bbox 350 3125 1327 3214; baseline 0 -23"><span class='ocrx_word' id='word_1_122' title='bbox 350 3125 453 3214; x_wconf 83' lang='lat' dir='ltr'><strong>Magn.</strong></span> <span class='ocrx_word' id='word_1_123' title='bbox 480 3126 507 3191; x_wconf 92' lang='grc' dir='ltr'><strong><em>Ι.</em></strong></span> <span class='ocrx_word' id='word_1_124' title='bbox 535 3130 565 3191; x_wconf 77' lang='grc' dir='ltr'><strong><em>ίι.</em></strong></span> <span class='ocrx_word' id='word_1_125' title='bbox 594 3126 628 3192; x_wconf 78' lang='grc' dir='ltr'><strong><em>ἐν</em></strong></span> <span class='ocrx_word' id='word_1_126' title='bbox 658 3131 764 3211; x_wconf 77' lang='grc' dir='ltr'><strong><em>χρήσει</em></strong></span> <span class='ocrx_word' id='word_1_127' title='bbox 789 3127 904 3190; x_wconf 84' lang='grc' dir='ltr'><strong><em>τοίνυν</em></strong></span> <span class='ocrx_word' id='word_1_128' title='bbox 930 3128 996 3190; x_wconf 82' lang='grc' dir='ltr'><strong><em>τινί</em></strong></span> <span class='ocrx_word' id='word_1_129' title='bbox 1021 3129 1064 3192; x_wconf 81' lang='grc' dir='ltr'><strong><em>διν</em></strong></span> <span class='ocrx_word' id='word_1_130' title='bbox 1090 3126 1139 3209; x_wconf 72' lang='grc' dir='ltr'><strong><em>εἰἠ</em></strong></span> <span class='ocrx_word' id='word_1_131' title='bbox 1164 3128 1218 3189; x_wconf 91' lang='grc' dir='ltr'><strong><em>καί</em></strong></span> <span class='ocrx_word' id='word_1_132' title='bbox 1240 3127 1327 3211; x_wconf 81' lang='grc' dir='ltr'><strong><em>ἐνερ·</em></strong></span> 
     </span>
     <span class='ocr_line' id='line_1_18' title="bbox 350 3251 1327 3348; baseline 0 -20"><span class='ocrx_word' id='word_1_133' title='bbox 350 3266 422 3346; x_wconf 80' lang='grc' dir='ltr'><strong><em>μείᾳ</em></strong></span> <span class='ocrx_word' id='word_1_134' title='bbox 451 3271 471 3346; x_wconf 84' lang='grc' dir='ltr'><em>ἡ</em></span> <span class='ocrx_word' id='word_1_135' title='bbox 500 3251 694 3346; x_wconf 75' lang='grc' dir='ltr'><strong><em>εὐδαιμονία</em></strong></span> <span class='ocrx_word' id='word_1_136' title='bbox 722 3269 752 3329; x_wconf 79' lang='lat' dir='ltr'><strong><em>ei</em></strong></span> <span class='ocrx_word' id='word_1_137' title='bbox 779 3265 905 3329; x_wconf 84' lang='lat' dir='ltr'>inferius</span> <span class='ocrx_word' id='word_1_138' title='bbox 934 3271 989 3346; x_wconf 84' lang='grc' dir='ltr'><strong><em>τῆς</em></strong></span> <span class='ocrx_word' id='word_1_139' title='bbox 1019 3262 1145 3338; x_wconf 89' lang='grc' dir='ltr'><strong><em>τελείας</em></strong></span> <span class='ocrx_word' id='word_1_140' title='bbox 1168 3264 1283 3348; x_wconf 84' lang='grc' dir='ltr'><strong><em>οίρετῆς</em></strong></span> <span class='ocrx_word' id='word_1_141' title='bbox 1307 3271 1327 3346; x_wconf 81' lang='grc' dir='ltr'><em>ἠ</em></span> 
     </span>
     <span class='ocr_line' id='line_1_19' title="bbox 351 3395 1327 3489; baseline -0.001 -22"><span class='ocrx_word' id='word_1_142' title='bbox 351 3401 499 3489; x_wconf 73' lang='grc' dir='ltr'><strong><em>ἐνέργεια</em></strong></span> <span class='ocrx_word' id='word_1_143' title='bbox 523 3395 728 3485; x_wconf 84' lang='grc' dir='ltr'><strong><em>εὐδαιμονία.</em></strong></span> <span class='ocrx_word' id='word_1_144' title='bbox 754 3403 833 3468; x_wconf 90' lang='lat' dir='ltr'><strong>Ibid.</strong></span> <span class='ocrx_word' id='word_1_145' title='bbox 857 3404 900 3467; x_wconf 92' lang='lat' dir='ltr'><strong><em>II.</em></strong></span> <span class='ocrx_word' id='word_1_146' title='bbox 927 3406 980 3469; x_wconf 85' lang='lat'><strong><em>10.</em></strong></span> <span class='ocrx_word' id='word_1_147' title='bbox 1003 3409 1024 3484; x_wconf 76' lang='grc' dir='ltr'><strong><em>η’</em></strong></span> <span class='ocrx_word' id='word_1_148' title='bbox 1047 3405 1108 3487; x_wconf 83' lang='grc' dir='ltr'><strong><em>γὰρ</em></strong></span> <span class='ocrx_word' id='word_1_149' title='bbox 1133 3400 1327 3484; x_wconf 76' lang='grc' dir='ltr'><strong><em>εὐδαιμονία</em></strong></span> 
     </span>
    </p>
   </div>
   <div class='ocr_carea' id='block_1_5' title="bbox 351 3540 626 3627">
    <p class='ocr_par' dir='ltr' id='par_1_5' title="bbox 351 3540 626 3627">
     <span class='ocr_line' id='line_1_20' title="bbox 351 3540 626 3627; baseline -0.004 -22"><span class='ocrx_word' id='word_1_150' title='bbox 351 3543 439 3608; x_wconf 75' lang='grc' dir='ltr'><strong><em>ἐστίν</em></strong></span> <span class='ocrx_word' id='word_1_151' title='bbox 465 3540 626 3627; x_wconf 77' lang='grc' dir='ltr'><strong><em>ἐνέργεια.</em></strong></span> 
     </span>
    </p>
   </div>
   <div class='ocr_carea' id='block_1_6' title="bbox 351 3818 1329 4184">
    <p class='ocr_par' dir='ltr' id='par_1_6' title="bbox 351 3818 1329 4184">
     <span class='ocr_line' id='line_1_21' title="bbox 394 3818 1326 3902; baseline -0.005 -18"><span class='ocrx_word' id='word_1_152' title='bbox 394 3818 471 3884; x_wconf 87' lang='lat' dir='ltr'><strong>Ibid.</strong></span> <span class='ocrx_word' id='word_1_153' title='bbox 502 3818 570 3883; x_wconf 81' lang='lat' dir='ltr'><strong><em>Lin.</em></strong></span> <span class='ocrx_word' id='word_1_154' title='bbox 604 3822 654 3884; x_wconf 86' lang='lat'><strong><em>10.</em></strong></span> <span class='ocrx_word' id='word_1_155' title='bbox 686 3819 740 3881; x_wconf 85' lang='grc' dir='ltr'><strong><em>καί</em></strong></span> <span class='ocrx_word' id='word_1_156' title='bbox 767 3818 801 3883; x_wconf 79' lang='grc' dir='ltr'><strong><em>ἐν</em></strong></span> <span class='ocrx_word' id='word_1_157' title='bbox 826 3824 895 3892; x_wconf 84' lang='grc' dir='ltr'><strong><em>τοῖς</em></strong></span> <span class='ocrx_word' id='word_1_158' title='bbox 918 3819 1050 3897; x_wconf 77' lang='grc' dir='ltr'><strong><em>ἠθικοῖς</em></strong></span> <span class='ocrx_word' id='word_1_159' title='bbox 1074 3818 1326 3902; x_wconf 80' lang='grc' dir='ltr'><strong><em>Νικομαχείοις·</em></strong></span> 
     </span>
     <span class='ocr_line' id='line_1_22' title="bbox 351 3952 1329 4041; baseline 0.001 -21"><span class='ocrx_word' id='word_1_160' title='bbox 351 3956 443 4041; x_wconf 83' lang='grc' dir='ltr'><strong><em>φίλος</em></strong></span> <span class='ocrx_word' id='word_1_161' title='bbox 463 3960 523 4040; x_wconf 82' lang='grc' dir='ltr'><strong><em>μὲν</em></strong></span> <span class='ocrx_word' id='word_1_162' title='bbox 543 3960 561 4021; x_wconf 84' lang='lat'><strong><em>0‘</em></strong></span> <span class='ocrx_word' id='word_1_163' title='bbox 580 3956 678 4041; x_wconf 78' lang='grc' dir='ltr'><strong><em>οένὴρ,</em></strong></span> <span class='ocrx_word' id='word_1_164' title='bbox 699 3954 777 4039; x_wconf 85' lang='grc' dir='ltr'><strong><em>φίλη</em></strong></span> <span class='ocrx_word' id='word_1_165' title='bbox 791 3954 825 4020; x_wconf 89' lang='grc' dir='ltr'><strong><em>δε</em></strong></span> <span class='ocrx_word' id='word_1_166' title='bbox 838 3955 893 4036; x_wconf 82' lang='grc' dir='ltr'><strong><em>ήοί</em></strong></span> <span class='ocrx_word' id='word_1_167' title='bbox 907 4002 1063 4018; x_wconf 89' lang='grc'><strong><em>.......</em></strong></span> <span class='ocrx_word' id='word_1_168' title='bbox 1078 3955 1200 4038; x_wconf 77' lang='grc' dir='ltr'><strong><em>οέμφοῖν</em></strong></span> <span class='ocrx_word' id='word_1_169' title='bbox 1215 3952 1248 4018; x_wconf 77' lang='grc' dir='ltr'><strong><em>δι’</em></strong></span> <span class='ocrx_word' id='word_1_170' title='bbox 1262 3955 1329 4021; x_wconf 82' lang='lat' dir='ltr'><strong><em>MS.</em></strong></span> 
     </span>
     <span class='ocr_line' id='line_1_23' title="bbox 351 4094 1327 4184; baseline -0.006 -23"><span class='ocrx_word' id='word_1_171' title='bbox 351 4097 429 4162; x_wconf 87' lang='lat' dir='ltr'>Vide</span> <span class='ocrx_word' id='word_1_172' title='bbox 448 4098 547 4184; x_wconf 87' lang='lat' dir='ltr'>ipsum</span> <span class='ocrx_word' id='word_1_173' title='bbox 567 4096 741 4162; x_wconf 79' lang='lat' dir='ltr'>Aristotelis</span> <span class='ocrx_word' id='word_1_174' title='bbox 757 4095 856 4161; x_wconf 84' lang='lat' dir='ltr'><strong>locum</strong></span> <span class='ocrx_word' id='word_1_175' title='bbox 877 4097 909 4160; x_wconf 92' lang='lat' dir='ltr'><strong><em>in</em></strong></span> <span class='ocrx_word' id='word_1_176' title='bbox 929 4094 1006 4160; x_wconf 89' lang='lat' dir='ltr'>libro</span> <span class='ocrx_word' id='word_1_177' title='bbox 1026 4097 1077 4160; x_wconf 76' lang='lat' dir='ltr'><strong><em>cit.</em></strong></span> <span class='ocrx_word' id='word_1_178' title='bbox 1096 4096 1122 4159; x_wconf 91' lang='grc' dir='ltr'><strong><em>Ι.</em></strong></span> <span class='ocrx_word' id='word_1_179' title='bbox 1142 4099 1171 4159; x_wconf 78' lang='lat'><strong><em>4.</em></strong></span> <span class='ocrx_word' id='word_1_180' title='bbox 1183 4094 1249 4159; x_wconf 81' lang='lat' dir='ltr'><strong><em>init.</em></strong></span> <span class='ocrx_word' id='word_1_181' title='bbox 1262 4096 1327 4175; x_wconf 87' lang='grc' dir='ltr'><strong><em>ἄμ-</em></strong></span> 
     </span>
    </p>
   </div>
   <div class='ocr_carea' id='block_1_7' title="bbox 350 4231 1325 4321">
    <p class='ocr_par' dir='ltr' id='par_1_7' title="bbox 350 4231 1325 4321">
     <span class='ocr_line' id='line_1_24' title="bbox 350 4231 1325 4321; baseline -0.006 -20"><span class='ocrx_word' id='word_1_182' title='bbox 350 4242 426 4319; x_wconf 86' lang='grc' dir='ltr'><strong><em>φοῒν</em></strong></span> <span class='ocrx_word' id='word_1_183' title='bbox 447 4237 507 4321; x_wconf 79' lang='grc' dir='ltr'><strong><em>γὰρ</em></strong></span> <span class='ocrx_word' id='word_1_184' title='bbox 529 4239 641 4301; x_wconf 88' lang='grc' dir='ltr'><strong><em>ὄντοιν</em></strong></span> <span class='ocrx_word' id='word_1_185' title='bbox 664 4231 774 4317; x_wconf 83' lang='grc' dir='ltr'><strong><em>φίλοιν</em></strong></span> <span class='ocrx_word' id='word_1_186' title='bbox 792 4235 883 4299; x_wconf 84' lang='grc' dir='ltr'><strong><em>ὅσιον</em></strong></span> <span class='ocrx_word' id='word_1_187' title='bbox 901 4240 1063 4319; x_wconf 82' lang='grc' dir='ltr'><strong><em>προτιμᾶν</em></strong></span> <span class='ocrx_word' id='word_1_188' title='bbox 1077 4237 1136 4314; x_wconf 82' lang='grc' dir='ltr'><strong><em>τὴν</em></strong></span> <span class='ocrx_word' id='word_1_189' title='bbox 1150 4231 1325 4312; x_wconf 75' lang='grc' dir='ltr'><strong><em>ἀλήθειαν.</em></strong></span> 
     </span>
    </p>
   </div>
   <div class='ocr_carea' id='block_1_8' title="bbox 393 4495 1326 4596">
    <p class='ocr_par' dir='ltr' id='par_1_8' title="bbox 393 4495 1326 4596">
     <span class='ocr_line' id='line_1_25' title="bbox 393 4495 1326 4596; baseline -0.002 -20"><span class='ocrx_word' id='word_1_190' title='bbox 393 4511 471 4577; x_wconf 85' lang='lat' dir='ltr'><strong>Ibid.</strong></span> <span class='ocrx_word' id='word_1_191' title='bbox 501 4512 573 4577; x_wconf 86' lang='lat' dir='ltr'><strong><em>Lin.</em></strong></span> <span class='ocrx_word' id='word_1_192' title='bbox 606 4515 646 4577; x_wconf 79' lang='lat'><strong><em>12</em></strong></span> <span class='ocrx_word' id='word_1_193' title='bbox 678 4516 708 4576; x_wconf 75' lang='lat' dir='ltr'><strong><em>et</em></strong></span> <span class='ocrx_word' id='word_1_194' title='bbox 738 4533 817 4596; x_wconf 87' lang='lat' dir='ltr'><strong>seqq.</strong></span> <span class='ocrx_word' id='word_1_195' title='bbox 853 4512 907 4573; x_wconf 90' lang='grc' dir='ltr'><strong><em>καί</em></strong></span> <span class='ocrx_word' id='word_1_196' title='bbox 934 4512 968 4575; x_wconf 78' lang='grc' dir='ltr'><strong><em>ἐν</em></strong></span> <span class='ocrx_word' id='word_1_197' title='bbox 992 4516 1059 4585; x_wconf 86' lang='grc' dir='ltr'><strong><em>τοῖς</em></strong></span> <span class='ocrx_word' id='word_1_198' title='bbox 1082 4511 1255 4593; x_wconf 83' lang='grc' dir='ltr'><strong><em>μετεώροις</em></strong></span> <span class='ocrx_word' id='word_1_199' title='bbox 1279 4495 1326 4574; x_wconf 83' lang='grc' dir='ltr'><strong><em>ὧν</em></strong></span> 
     </span>
    </p>
   </div>
   <div class='ocr_carea' id='block_1_9' title="bbox 0 0 1723 5534">
    <p class='ocr_par' dir='ltr' id='par_1_9' title="bbox 0 0 1723 5534">
     <span class='ocr_line' id='line_1_26' title="bbox 0 0 1723 5534; baseline 0 0"><span class='ocrx_word' id='word_1_200' title='bbox 0 0 1723 5534; x_wconf 95' lang='lat' dir='ltr'><strong><em> </em></strong></span> 
     </span>
    </p>
   </div>
  </div>
 </body>
</html>
