3417 5534
402 669 444 730 20
658 720 663 729 .
830 686 940 733 horre.

444 875 522 943 Ibid.
553 877 621 942 Lin.
655 880 681 943 7.
714 875 991 961 Ἀσνληπιαδῶν.
1024 879 1148 946 Tretaes
1177 879 1210 943 in
1233 878 1312 944 chit.
1335 878 1377 944 X.

402 1019 470 1082 727¹
489 1022 519 1082 et
542 1016 618 1081 XII.
644 1019 707 1081 638
732 1017 925 1083 Aristotelem
946 1017 1013 1082 ideo
1033 1018 1240 1106 Asclepiadem
1261 1017 1376 1083 dictum

399 1176 463 1219 esse
484 1160 587 1242 putat,
619 1155 700 1240 quod
723 1155 916 1234 medicinam,
941 1179 1029 1242 quarn
1053 1162 1136 1245 pater
1158 1164 1188 1223 et
1210 1179 1285 1224 avus
1308 1180 1375 1245 pro·

399 1292 468 1359 fessi
492 1298 606 1371 essent,
628 1295 692 1379 ipse
715 1316 833 1379 quoque
857 1295 1052 1382 profiteretur.
1074 1294 1136 1361 cn.
1155 1295 1184 1361 J.
1203 1295 1259 1361 rh.
1278 1296 1377 1361 Bohle

399 1432 417 1499 l.
449 1455 472 1498 c.
504 1434 588 1499 Tom.
612 1434 637 1498 Ι.
660 1456 728 1521 pag.
752 1437 803 1498 83.
825 1432 1032 1500 Nicomachus
1063 1434 1227 1501 secondum
1251 1435 1374 1501 Soidam

399 1594 451 1637 sex
470 1572 562 1638 libros
582 1574 703 1660 scripsit
720 1577 911 1659 Ἰατρινῶν,
933 1598 1027 1641 unum
1049 1577 1216 1641 Φυσικῶν.
1238 1574 1375 1641 Phaestis

399 1711 544 1777 Chalcide
566 1718 628 1777 erat
651 1712 793 1779 oriunda:
817 1712 1031 1779 Chalcidenses
1050 1715 1129 1780 enim
1151 1715 1297 1781 coloniam
1309 1714 1375 1779 su·

398 1850 492 1938 giram
534 1851 725 1918 deduxerant.
766 1853 849 1939 (Vid.
890 1854 1017 1940 Dionys.
1051 1854 1204 1921 Halicarn.
1245 1856 1278 1920 in
1312 1855 1376 1921 vita

397 1990 593 2077 Aristotelis.)
625 1993 664 2056 In
694 1997 872 2060 testamento
903 1995 1079 2061 Aristotelis
1105 1996 1183 2083 apud
1208 1995 1373 2082 Diogenem

397 2129 551 2196 Laertium
583 2129 654 2197 haec
681 2130 837 2219 leguntur:
865 2135 959 2196 “Kal
985 2137 1044 2215 τὴν
1070 2134 1208 2221 (aiudha)
1233 2141 1288 2216 τῆς
1310 2158 1374 2216 μη-

398 2274 470 2356 τρὸς
503 2277 558 2351 τῆς
586 2269 741 2356 ἡμετέρας
766 2280 806 2355 τῇ
829 2275 976 2357 Δημητρὶ
1008 2273 1054 2361 (ut
1077 2278 1157 2339 recte
1180 2272 1374 2339 casaubonus

398 2409 594 2499 emendavit‚)
619 2409 800 2476 ἀναθεῖναι
826 2414 871 2485 εἷς
891 2411 1071 2495 Neptem„
1092 2412 1262 2479 Phaestidis
1272 2414 1374 2499 imago

398 2572 414 2614 a
445 2549 613 2638 Protogene
642 2555 705 2616 erat
735 2550 830 2638 picta,
860 2552 946 2637 cujus
970 2551 1106 2617 meminit
1128 2551 1247 2617 Plinius
1270 2551 1311 2616 H.
1333 2553 1373 2618 N.

398 2689 535 2755 XXXV.
571 2694 622 2757 20.
664 2690 801 2756 Tradunt
839 2691 978 2757 nonnulli
1012 2692 1205 2757 Aristotelem
1239 2692 1374 2758 Athenas

396 2832 562 2917 profectum
598 2829 853 2919 pharmacopolam
889 2831 1003 2910 luisse,
1035 2837 1065 2896 et
1100 2836 1191 2897 artem
1228 2832 1371 2899 medicam

396 2970 571 3036 exercuisse.
601 2970 662 3036 Cir.
693 2970 723 3036 J.
747 2971 802 3036 rh.
834 2969 950 3048 Buhle,
981 2971 1065 3035 Tom.
1089 2972 1118 3037 I.
1148 2994 1215 3060 pag.
1240 2976 1291 3037 85.
1314 2972 1372 3037 Sed

397 3109 475 3175 hanc
497 3110 694 3175 narrationem
719 3132 756 3175 ex
775 3110 893 3197 impuro
911 3110 994 3176 fonte
1012 3110 1137 3176 fluxisse
1156 3108 1229 3176 hene
1239 3111 1373 3177 ostendit

396 3249 433 3314 A.
465 3246 555 3313 Stahr
585 3248 617 3313 in
647 3247 667 3313 l.
697 3270 722 3313 c.
753 3248 788 3313 Τ.
819 3250 844 3314 Ι.
875 3271 942 3336 pag.
974 3252 1024 3315 39.
1053 3248 1233 3315 Plnturchus
1255 3250 1288 3315 in
1311 3250 1373 3316 vita

398 3386 562 3453 Alexandri
593 3388 682 3453 refert
708 3387 914 3454 Alexandrum
937 3388 981 3453 Μ.
1005 3411 1022 3453 a
1044 3388 1188 3476 magistro
1210 3389 1373 3455 Aristotele

398 3528 470 3593 artis
494 3527 625 3593 medicae
648 3526 750 3593 studio
773 3526 867 3593 fuisse
889 3526 1046 3593 imbutum.
1071 3527 1198 3615 Scripsit
1217 3551 1287 3593 sane
1304 3527 1372 3616 phi·

398 3666 541 3755 losophus
565 3666 658 3733 libros
680 3666 841 3753 quosdam,
864 3668 916 3753 qui
939 3667 976 3732 ad
999 3667 1077 3734 hanc
1099 3674 1192 3734 artem
1214 3669 1372 3755 pertinent.

441 3946 519 4013 Ibid.
549 3946 618 4012 Lin.
650 3952 678 4013 9.
710 3946 934 4031 Ἀρίμνηστος
967 3949 1021 4010 καὶ
1046 3946 1255 4033 Αριμνήστη.
1288 3949 1372 4015 Hinc

397 4087 480 4153 vides
510 4087 660 4172 quomodo
690 4086 742 4151 illa
773 4085 949 4174 explicanda
982 4086 1045 4152 sint
1075 4086 1107 4151 in
1131 4088 1195 4154 vita
1217 4089 1371 4174 Anonymi

398 4231 429 4291 et
451 4225 528 4313 apud
552 4225 674 4291 Suidam
699 4227 754 4289 aul
776 4223 936 4310 ἀδελφούς
955 4227 1015 4310 μὲν
1036 4225 1129 4312 ἕσχεν
1143 4226 1370 4313 Ἀρίμνηστον

398 4367 452 4431 καὶ
481 4366 722 4452 Ἀριμνήστην.
756 4367 803 4432 Sc
830 4367 890 4434 luit
921 4366 994 4435 haec
1023 4390 1119 4448 soror,
1140 4389 1195 4435 nec
1217 4369 1291 4437 alter
1312 4371 1372 4438 init

396 4506 486 4573 irater
508 4507 745 4594 Ἀριμνήστης.
