3417 5534
382 618 424 679 tt
813 634 922 680 nourr.

381 836 538 895 emunctae
571 830 657 896 nucia
691 830 763 897 viris
794 828 883 909 hene,
912 828 986 916 quid
1018 828 1060 895 rei
1102 827 1252 906 subesset,
1286 826 1354 893 sub·

381 970 504 1047 eluerit,
533 992 668 1057 quosque
697 972 802 1038 merito
834 971 933 1037 dicas:
964 970 1115 1036 Emuncto
1137 969 1268 1036 luctatos
1291 990 1355 1033 esse

380 1110 502 1176 Simone
523 1110 679 1177 talentum.

425 1424 503 1493 Ibid.
525 1425 595 1491 Irin.
620 1427 670 1491 16.
694 1426 732 1491 In
755 1425 823 1490 MS.
845 1427 889 1499 ὡς
907 1423 1134 1510 μεγαλορημοο
1139 1472 1246 1487 .....
1261 1449 1351 1488 ποτε.

424 1740 502 1806 Ibid.
524 1739 592 1805 Lin.
618 1743 666 1804 18.
690 1740 729 1804 In
752 1739 819 1805 MS.
843 1742 925 1805 ἐτῶν
950 1740 984 1804 δὲ
1009 1744 1181 1823 γενόμενος
1195 1787 1351 1802 .......

381 1882 435 1943 και
461 1876 540 1942 aeta
563 1878 625 1944 on.
648 1878 732 1944 vers.
755 1878 794 1944 v,
817 1878 852 1944 u.
1218 1834 1223 1843 ’

422 2192 500 2258 Ihid.
531 2193 601 2258 Lin.
633 2196 684 2258 19.
714 2194 781 2255 Τοῦ
805 2198 923 2258 Πυθοῖ
946 2200 1024 2260 θεοῦ
1057 2199 1247 2279 χρήσαντος.
1268 2193 1354 2259 Aris·

376 2333 483 2399 toteles
519 2332 728 2420 septemdecim
760 2354 853 2398 annos
885 2338 975 2398 uetus
1005 2331 1141 2399 Athenas
1174 2330 1264 2409 abiit,
1293 2355 1353 2417 quo

377 2473 466 2538 multi
489 2473 613 2559 ingenui
636 2471 771 2538 liberales
794 2472 837 2537 ire
860 2471 1009 2549 solebant,
1038 2478 1073 2535 ut
1096 2471 1351 2537 celeberrimorum

377 2575 621 2699 philosophorum
645 2609 762 2675 scholas
786 2611 1014 2696 frequentarent.
1037 2610 1151 2676 Noster
1169 2615 1200 2676 et
1218 2609 1350 2675 Pseudo-

376 2751 556 2817 Ammonius
575 2751 698 2816 trudunt
718 2772 782 2815 eum
804 2750 926 2815 oraculo
945 2749 1094 2837 Delphico
1110 2749 1248 2815 consulto
1260 2749 1352 2815 Athe·

375 2914 429 2955 nas
466 2890 632 2976 protectum
672 2910 735 2953 esse
774 2894 804 2953 et
838 2889 990 2953 Socratem
1024 2911 1076 2975 per
1109 2888 1224 2974 aliquot
1258 2910 1352 2952 annos

374 3029 531 3095 audivisse.
564 3027 703 3093 Fabulae.
735 3029 872 3094 Socrates
895 3033 1032 3093 mortuus
1054 3034 1100 3093 est
1122 3050 1147 3092 a.
1172 3031 1235 3091 399
1258 3051 1283 3093 a.
1308 3027 1350 3105 0.,

374 3166 552 3234 Aristoteles
583 3172 672 3232 uatus
705 3170 770 3231 384
800 3189 824 3231 a.
856 3166 890 3231 C.
922 3166 1088 3254 Diotrephe
1110 3165 1260 3232 archonte.
1283 3167 1351 3232 Nec

375 3307 514 3393 majorem
544 3305 633 3371 fidem
657 3311 817 3382 merentur,
846 3328 934 3391 quae,
960 3305 997 3370 ab
1018 3306 1150 3371 inimicis
1172 3305 1349 3393 Philosophi

373 3446 459 3521 ficta,
489 3445 676 3523 Athenaeus,
707 3445 851 3510 Aelianus
880 3451 909 3510 et
940 3444 1089 3510 Eusebius
1120 3451 1257 3522 narrent,
1279 3446 1351 3510 Ari·

374 3584 526 3662 stotelem,
546 3583 707 3671 dilapidato
729 3584 924 3671 patrimonio,
948 3583 1057 3649 abiisse
1075 3583 1252 3660 militatum,
1275 3587 1349 3672 (quo

373 3748 434 3790 non
465 3721 597 3811 addunt)
627 3724 746 3789 taudem
777 3723 867 3809 hujus
889 3724 969 3789 vitae
990 3724 1108 3812 generis
1132 3729 1296 3811 pertaesum
1320 3729 1351 3788 et

374 3864 410 3929 ad
435 3864 579 3929 seniorem
603 3870 731 3929 mentem
755 3865 927 3930 redeuntem
949 3864 1085 3932 Athenas
1107 3866 1210 3943 ivisse,
1234 3870 1269 3931 ut
1285 3864 1348 3953 phi·

373 4005 525 4091 losophiae
548 4004 657 4071 studiis
680 4027 799 4093 operam
822 4005 913 4071 daret.

418 4305 497 4373 Ibid.
519 4306 587 4373 Lin.
608 4311 659 4374 20.
682 4308 721 4372 Iu
740 4307 805 4373 MS.
826 4308 939 4396 legitur
958 4316 1035 4396 παρ’
1057 4308 1229 4395 Ἀθήνῃσι
1250 4318 1348 4396 φοιτᾷ

373 4447 454 4534 quod
484 4448 574 4515 fluxit
602 4470 639 4513 ex
670 4448 746 4513 mele
769 4447 920 4516 intellecto
946 4418 979 4514 gp
1000 4449 1031 4514 id
1060 4454 1106 4517 est
1129 4449 1346 4535 Ἀθηναίοις.
