3417 5534
384 648 424 709 14
677 662 775 707 varus
800 661 912 707 rrrrra
937 661 1059 706 vsasro.

380 855 478 921 tiones
519 876 658 920 sanorum
701 876 762 919 non
804 854 886 919 lacit.
920 854 942 917 J
944 876 1038 919 urene
1071 858 1169 919 autem
1201 854 1363 921 exsistente

381 994 554 1060 Alexandro
585 996 615 1059 et
645 991 793 1057 militante
816 996 922 1057 contra
944 991 1065 1070 Persas,
1097 993 1196 1058 eundo
1219 1000 1287 1059 eum
1311 1017 1363 1071 eo,

381 1156 436 1199 nee
467 1137 542 1198 tuno
572 1131 718 1198 abstinuit
742 1131 954 1219 philosophari.
978 1132 1067 1197 Tunc
1090 1132 1171 1197 enim
1194 1134 1364 1220 composuit

381 1270 536 1337 historiam
568 1270 763 1335 ducentarum
795 1273 826 1334 et
857 1270 1080 1357 quinquaginta
1109 1270 1299 1357 politiarnm,
1334 1278 1364 1337 et·

381 1410 545 1476 associavit
567 1410 667 1496 ipsum
691 1430 787 1494 usque
810 1408 846 1473 ad
871 1408 990 1486 Persas,
1019 1414 1049 1474 et
1071 1408 1150 1474 bello
1172 1410 1252 1475 facto
1275 1410 1365 1475 rediit

382 1550 418 1615 ad
440 1573 523 1615 suam
544 1550 669 1637 patriam
693 1550 739 1636 [et
751 1549 831 1615 ultro
844 1550 1053 1636 anticipatur}
1074 1550 1362 1637 Suscipiensautem

381 1689 552 1755 Alexander
582 1711 719 1776 regnum,
749 1690 782 1754 in
814 1688 927 1754 honore
957 1687 1063 1754 habuit
1097 1689 1306 1765 Aristotelem,
1330 1690 1363 1753 in

382 1834 528 1914 quantum
571 1828 742 1893 Alexander
783 1828 870 1893 vixit.
904 1829 1073 1915 Speusippo
1107 1834 1223 1906 autem,
1257 1834 1365 1915 nepote

382 1966 535 2045 Platonis,
577 1972 711 2044 mortuo,
747 1989 819 2032 suos
853 1967 1018 2055 discipulos
1053 1968 1227 2055 suscipiunt
1261 1968 1366 2033 Xeno-

384 2111 478 2171 crates
510 2110 541 2171 et
571 2106 752 2171 Aristoteles
783 2106 1005 2193 sapientissimi.
1028 2106 1071 2171 Et
1094 2105 1276 2173 Aristoteles
1299 2106 1364 2191 qui·

385 2244 452 2309 dem
483 2242 601 2332 legebat
631 2244 664 2309 in
695 2244 812 2329 Lyceo,
844 2244 1031 2311 Xenocrates
1053 2247 1086 2311 in
1109 2245 1289 2323 Academia,
1312 2243 1364 2311 nbi

384 2390 414 2450 et
437 2384 526 2449 Plato
550 2382 698 2450 studebat.
722 2384 795 2449 Non
815 2385 894 2451 enim
916 2386 997 2451 sicut
1016 2384 1226 2452 Aristoxenus·
1240 2391 1270 2451 et
1292 2386 1363 2451 Ari·

385 2524 494 2589 stocles
513 2525 662 2611 posterius
683 2523 805 2601 dicunt,
824 2523 952 2591 Platone
971 2526 1090 2591 vivente
1109 2532 1140 2591 et
1158 2527 1191 2591 in
1203 2526 1366 2592 Academia

384 2664 525 2741 docente,
558 2664 737 2731 Aristoteles
761 2671 866 2731 contra
889 2666 1058 2733 aedificarit
1081 2667 1232 2753 Lyceum:
1255 2673 1285 2732 et
1308 2666 1366 2731 hoo

384 2809 505 2871 tentant
538 2804 659 2889 quidem
695 2805 793 2871 dicere
823 2811 945 2894 propter
973 2806 1020 2884 id,
1054 2807 1134 2893 quod
1165 2808 1197 2872 in
1229 2804 1365 2894 pluribus

385 2943 565 3011 contradicit
587 2943 724 3011 Platoni:
749 2946 786 3010 ad
809 2968 886 3031 quos
909 2946 1085 3025 dicendum,
1111 2945 1192 3031 quod
1212 2968 1274 3011 non
1293 2946 1365 3010 sim·

386 3085 505 3172 pliciter
528 3085 710 3151 contradicit
733 3084 871 3163 Platoni,
895 3085 946 3150 sed
969 3109 1031 3151 non
1055 3083 1299 3173 intelligentibus
1317 3107 1366 3162 ea,

385 3247 462 3310 quae
493 3230 564 3291 sunt
587 3224 725 3291 Platonis
749 3226 891 3311 cogitata.
914 3226 947 3289 Si
971 3230 1070 3291 autem
1093 3224 1275 3290 contradicit
1296 3224 1365 3289 Pla·

385 3366 465 3443 toni,
495 3387 557 3430 non
588 3370 633 3430 est
662 3365 885 3431 inconveniens.
916 3364 957 3429 llt
988 3365 1019 3428 in
1050 3363 1099 3428 his
1120 3364 1200 3428 enim
1224 3386 1269 3441 ea,
1293 3385 1368 3447 quae
1409 3329 1411 3333 Ι

386 3509 458 3568 sunt
488 3502 642 3581 Platonis,
673 3504 798 3591 cogitat.
828 3542 872 3551 --
903 3502 1039 3567 Platonis
1070 3502 1150 3567 enim
1181 3508 1227 3567 est
1254 3522 1368 3577 sermo,

386 3642 468 3725 quod
491 3643 587 3729 magis
610 3647 728 3729 oportet
751 3642 787 3707 de
810 3642 936 3707 veritate
959 3664 1076 3717 curare,
1100 3663 1187 3725 quarn
1210 3640 1247 3705 de
1266 3639 1365 3723 aliquo

385 3778 459 3859 ali0;
483 3786 513 3845 et
535 3779 607 3844 alibi
632 3779 722 3845 dicit:
747 3780 862 3844 amicus
885 3780 1005 3865 quidem
1030 3780 1184 3856 Socrates,
1204 3778 1256 3843 sed
1269 3778 1366 3865 magis

387 3919 481 3984 amica
506 3918 630 3997 veritas3
653 3924 683 3983 et
705 3918 738 3983 in
759 3918 817 3982 alio
837 3918 919 3983 loco:
941 3918 978 3981 de
996 3918 1119 3983 Socrate
1138 3940 1242 4004 parum
1256 3921 1302 3981 est
1314 3938 1367 3980 cn·

386 4056 528 4133 randum,
554 4056 590 4119 de
608 4056 731 4121 veritate
751 4078 820 4120 vero
841 4056 979 4121 multum.
999 4055 1069 4120 Hoc
1088 4056 1185 4141 igitur
1206 4056 1365 4119 etAristo·

386 4195 460 4260 teles
490 4195 575 4271 feeit,
608 4194 665 4259 etsi
689 4216 750 4259 non
775 4193 924 4259 destruxit
949 4194 1030 4259 dicta
1053 4193 1205 4272 Platonis3
1230 4193 1368 4277 quamvis

386 4334 419 4398 in
449 4332 497 4397 his
531 4355 662 4398 consona
691 4333 751 4420 ipsi
781 4332 867 4411 fecit,
899 4333 1003 4399 nolens
1032 4333 1181 4420 despicere
1205 4332 1367 4397 veritatem.

389 4472 506 4541 Habuit
534 4479 633 4540 autem
658 4473 783 4539 multam
808 4472 997 4539 dilectionem
1024 4495 1094 4560 erga
1117 4457 1277 4538 Platonem*
1299 4471 1367 4536 Ari·
