3417 5534
878 645 896 708 4

396 878 450 933 τος
474 855 529 917 καί
552 851 636 938 μέγα
657 850 844 937 δυναμένου
865 851 921 916 διὰ
942 852 1101 937 Χαβρίαν
1123 853 1179 915 καί
1193 854 1372 936 Τιμόθεον,

395 993 469 1067 τούς
509 990 681 1077 Ἀθήνησι
721 997 1010 1077 στρατηγήσαντας
1051 993 1107 1054 καί
1151 993 1237 1053 κατὰ
1279 988 1374 1068 γένος

396 1130 484 1215 αὐτῷ
516 1136 752 1216 προσήκοντας.
789 1131 889 1195 Μετὰ
913 1128 947 1195 δέ
972 1134 1032 1211 τὴν
1056 1128 1238 1205 Πλάτωνος
1262 1125 1375 1193 τελευ-

396 1272 469 1351 τὴν,
490 1272 705 1345 Σπεύσιππος
722 1273 782 1354 μὲν
799 1274 817 1333 ὁ
833 1268 1015 1343 Πλάτωνος
1033 1266 1241 1353 ἀδελφιδοῦς,
1265 1268 1374 1355 (ίτιίγ-

397 1433 476 1493 χανε
496 1411 557 1494 γὰρ
578 1410 648 1485 υίὸς
670 1408 715 1475 ῶν
738 1412 914 1494 Ποτῶνης,
932 1416 989 1491 τῆς
1005 1406 1148 1491 ἀδελφῆς
1165 1405 1373 1494 Πλάτωνος),

397 1545 586 1634 διαδέχεται
617 1553 677 1631 τὴν
710 1546 843 1635 σχολὴν,
878 1545 1117 1635 Ἀριστοτέλης
1146 1544 1180 1612 δὲ
1205 1544 1374 1611 στέλλεται

398 1688 443 1762 εἷς
474 1685 707 1768 Μακεδονίαν,
740 1691 987 1773 μεταπεμφθείς
1017 1688 1080 1751 ὑπὸ
1113 1683 1297 1766 Φιλίππου,
1324 1687 1376 1769 ἐφ’

398 1812 426 1911 ᾧ
455 1827 512 1890 τὸν
544 1827 616 1891 υἱὸν
649 1826 749 1890 αὐτοῦ
781 1825 971 1892 παιδεῦσαι·
1004 1823 1059 1891 κοιί
1083 1826 1184 1902 οὕτως
1206 1820 1246 1907 ἦν
1271 1826 1376 1908 τίμιος

400 1963 557 2050 Φιλίππῳ
589 1968 644 2030 καί
669 1964 884 2051 Ὀλυμπιάδι,
914 1968 957 2042 ῶς
981 1966 1163 2033 ἀναθεῖναι
1187 1964 1277 2050 αὐτῷ
1299 1971 1376 2049 μεθ’

399 2109 527 2172 ἑαυτῶν
552 2105 748 2193 οίνδριάντα.
773 2113 812 2171 ‘O
835 2106 870 2171 δέ
896 2106 1084 2192 φιλόσοφος,
1108 2105 1193 2191 μέγα
1215 2103 1310 2190 μέρος
1330 2104 1376 2170 ῶν

400 2253 456 2328 τῆς
489 2244 711 2337 βασιλείας,
744 2245 875 2332 ὀργάνῳ
898 2254 939 2332 τῇ
962 2244 1098 2329 δυνάμει
1123 2243 1376 2331 πρὸςεύποιίαν

399 2386 569 2472 ἐχρήσατο,
591 2384 652 2451 ἕνα
673 2411 706 2451 τε
727 2384 867 2451 ἐ’καστον
889 2385 1065 2470 εὐεργετῶν
1085 2388 1138 2449 καί
1157 2383 1268 2459 πόλεις
1284 2381 1375 2463 ὅλας,

399 2528 454 2589 καί
479 2531 607 2600 πάντας
626 2528 705 2609 ἅμα.
726 2527 813 2589 εὈσα
831 2528 892 2610 μέν
913 2528 974 2611 γὰρ
996 2523 1136 2591 ἕκαστον
1150 2523 1376 2610 εὐηργέτησεν,

399 2666 435 2729 αἱ
454 2664 674 2751 γεγραμμέναι
700 2664 789 2750 αὐτιμ
814 2667 893 2751 πρὸς
917 2665 991 2739 τούς
1009 2662 1166 2751 βασιλέας
1184 2664 1259 2749 περί
1276 2687 1377 2729 τινιον

401 2803 570 2869 ἐπιστολαί
600 2803 768 2890 δηλοῦσιν,
800 2807 861 2869 ὅσα
893 2805 928 2869 δέ
960 2804 1072 2879 πόλεις
1102 2802 1194 2884 ὅλας,
1220 2805 1262 2869 τὰ
1284 2807 1377 2867 Στά-

400 2969 493 3030 γειρα
518 2942 624 3029 δηλοῖ,
651 2948 706 3009 καί
732 2950 877 3032 Ἐρεσός,
903 2951 923 3027 ἡ
944 2947 1154 3031 Θεοφράστου
1174 2945 1230 3008 καί
1249 2944 1378 3009 Φανίου

400 3088 466 3150 τῶν
491 3083 591 3149 αὐτοῦ
613 3088 776 3169 μαθητῶν
801 3086 933 3171 πατρίς·
959 3091 1018 3167 τήν
1039 3109 1073 3150 τε
1094 3087 1155 3171 γάρ
1176 3086 1294 3149 ἑαυτοῦ
1312 3109 1379 3147 πα-

400 3224 496 3311 τρίδα
527 3230 696 3311 Στάγειρα
731 3232 999 3309 κατασκαφεῖσαν
1022 3225 1085 3289 ὑπὸ
1110 3221 1281 3289 Φιλίππου
1304 3222 1379 3287 πεί-

402 3371 457 3429 θει
489 3366 546 3430 τὸν
579 3363 812 3451 Ἀλέξανδρον
846 3364 997 3451 δεύτερον
1023 3366 1161 3444 κτίζειν,
1188 3364 1243 3428 καί
1268 3366 1378 3450 χῶραν

403 3502 518 3590 ἑτέραν
550 3502 634 3589 αὐτῇ
666 3501 896 3591 προσδιδόναι,
929 3504 1011 3570 ἀνθ’
1036 3491 1083 3569 ῶν
1108 3505 1140 3567 οί
1160 3508 1379 3587 Σταγειρῒται

401 3650 488 3727 μῆνα
509 3648 772 3729 προσηγόρευσαν
794 3641 1078 3729 Ἀριστοτέλειον,
1101 3644 1155 3707 καί
1170 3646 1284 3728 ἑορτὴν
1297 3636 1379 3723 ἦγον

402 3781 668 3867 Ἀριστοτέλεια,
695 3786 749 3846 καί
775 3784 810 3848 ἐν
835 3781 984 3847 Χαλκίδι
1009 3780 1262 3863 τελευτησαντος
1285 3806 1380 3863 μετε-

402 3920 579 4006 πέμψαντο
604 3923 640 3985 τὸ
664 3924 767 4004 σῶμα,
793 3923 847 3986 καί
873 3923 981 4007 βωμὸν
1006 3920 1188 4007 ἐπέστησαν
1208 3928 1254 4006 τῷ
1272 3927 1377 4004 τάφῳ,

403 4063 458 4124 καί
494 4058 764 4145 Ἀριστοτέλειον
796 4064 853 4126 τὸν
886 4066 988 4126 τόπον
1021 4059 1193 4139 ἐκάλεσαν,
1226 4062 1281 4125 καί
1313 4060 1382 4124 ἐκεῖ

404 4204 463 4281 τὴν
496 4196 619 4285 βουλὴν
651 4198 821 4284 ἤθροιζον,
856 4201 911 4262 καί
945 4200 1080 4284 Ἐρεσὸν
1108 4196 1294 4281 μέλλουσαν
1317 4197 1380 4261 ὑπὸ

406 4336 577 4403 Φιλίππου
609 4336 873 4424 πολιορκηθῆναι
905 4337 1033 4404 ἔπεισεν
1057 4338 1237 4423 ἀφεθῆναι.
1262 4335 1380 4402 Πολλά

406 4477 440 4545 δέ
473 4480 528 4542 καί
561 4477 776 4563 Ἀθηναίους
799 4476 1020 4564 ,εὐηργέτησεν
1052 4476 1089 4545 ἐν
1121 4486 1190 4553 τοῖς
1213 4480 1292 4565 πρὸς
1317 4477 1382 4543 Φί-
