3417 5534
407 682 448 741 θλ
836 697 945 742 soris.

449 891 527 957 Ibid.
546 890 614 957 Lin.
634 896 663 956 4.
679 888 844 956 Ποθαῗδα
863 894 894 955 et
913 886 1249 976 οοηοίλοτΠυθαΐδος.
1272 888 1380 953 Versio

406 1031 444 1096 V.
459 1031 495 1096 L.
517 1030 674 1117 Pythiada
683 1031 820 1116 qeoitam
832 1053 851 1093 a
862 1030 1040 1117 Pytliade:
1059 1028 1112 1093 δίο
1124 1033 1154 1094 et
1165 1028 1216 1093 alii
1227 1034 1258 1094 et
1269 1028 1380 1094 Sextus

405 1171 576 1259 Empiricos
614 1171 680 1238 adv.
714 1170 859 1236 Mathem.
893 1171 919 1237 I.
954 1176 1027 1237 258.
1061 1167 1226 1233 Πυθιάδα
1260 1167 1381 1234 videtur

405 1310 636 1397 praeferendum.
653 1310 715 1376 cfr.
734 1311 855 1399 Menag.
875 1311 913 1377 ad
926 1311 1018 1399 Diog.
1036 1311 1136 1377 Lairt.
1156 1311 1191 1376 Τ.
1211 1311 1380 1398 11.p.191.

450 1588 528 1655 Ibid.
550 1590 619 1654 Irin.
644 1594 672 1655 8.
700 1596 721 1673 ἡ
745 1596 800 1672 τῆς
824 1588 970 1666 Ἰλιάδος
996 1589 1134 1665 ἕκδοσις.
1159 1590 1217 1655 Est
1239 1587 1291 1653 illa
1316 1588 1379 1653 Ho-

406 1729 478 1794 meri
509 1728 615 1806 editio,
647 1751 723 1814 quoe
754 1729 847 1817 vulgo
879 1732 913 1792 ἐκ
947 1735 1113 1815 νάρθηκος
1142 1728 1265 1804 dieitur,
1290 1748 1380 1813 quarn

404 1867 574 1934 Alexander
604 1870 750 1955 pretiosae
780 1868 906 1934 cistulae
936 1869 1099 1946 inolusam‚
1134 1891 1248 1955 semper
1278 1890 1379 1933 seeum

405 2006 524 2073 ferebat.

449 2282 527 2349 Ibid.
550 2284 619 2348 Lin.
644 2288 672 2349 8.
696 2286 735 2364 ἣν
761 2281 892 2348 δέδωκε.
919 2283 1019 2348 malim
1043 2280 1155 2347 ἔδωκε.

449 2558 528 2626 ibid.
550 2561 618 2625 Lin.
645 2565 694 2626 ll.
718 2562 785 2623 Kal
809 2563 850 2625 τὰ
877 2562 1008 2645 ἰατρικὰ
1032 2557 1247 2646 προβλήματα
1250 2610 1381 2625 .....

406 2751 687 2766 ..........
712 2698 909 2785 Γέγραπται
933 2701 1079 2783 ὕστερον.
1113 2700 1152 2764 In
1175 2699 1260 2764 Vors.
1284 2698 1322 2765 V.
1344 2698 1381 2765 Ia.

404 2862 466 2904 non
500 2837 557 2904 hoo
587 2838 671 2914 loeo,
695 2838 746 2903 sed
769 2839 847 2903 infre
870 2838 943 2904 haee
965 2838 1084 2917 eadem,
1106 2840 1209 2926 porrois
1231 2839 1384 2926 exceptis,

403 2978 555 3066 leguntur.
580 2979 773 3063 “Composuit
796 2986 897 3043 aotam
921 2986 950 3043 et
973 2978 1173 3044 medicinalia
1189 2978 1381 3062 problemata

404 3120 460 3182 eto.
492 3118 616 3203 Scripta
648 3125 750 3182 aatem
781 3125 826 3183 aot
857 3119 894 3181 ab
917 3138 950 3181 eo
972 3118 1125 3201 portarias
1147 3117 1278 3181 historia
1297 3118 1380 3203 poli·

404 3259 548 3333 tiaram„
579 3255 637 3321 Sed
669 3256 728 3321 isto
758 3260 863 3320 auctor
886 3255 1031 3320 versionis
1054 3255 1150 3320 alieno
1172 3256 1275 3341 posuit
1297 3256 1381 3335 loeo;

403 3394 477 3480 quid
500 3396 579 3460 enim
603 3394 644 3460 ibi
670 3395 821 3481 significat
840 3395 1020 3481 portariae?
1043 3399 1109 3459 tum
1133 3400 1294 3461 contextus
1317 3418 1379 3482 per·

404 3534 507 3621 spicue
537 3533 624 3598 docet
657 3531 729 3597 tolie
752 3531 793 3597 ibi
817 3531 890 3597 olim
914 3554 975 3598 non
998 3533 1111 3619 scripta
1131 3534 1231 3599 fuisse
1255 3535 1295 3599 In
1318 3535 1380 3600 vita

404 3672 497 3739 Arist.
520 3671 745 3738 Pseud-Amm.
767 3674 785 3734 o'
807 3673 867 3753 μὲν
892 3661 949 3736 orla
971 3670 1208 3756 Ἀριστοτέλης
1233 3672 1282 3735 ἔτι
1307 3672 1379 3749 νέος

404 3812 450 3876 ὢν
486 3815 546 3891 τὴν
583 3815 648 3875 τῶν
685 3807 869 3895 ἐλευθέρων
905 3807 1061 3874 παιδείαν
1098 3808 1301 3891 ἐπαιδεύετο,
1336 3814 1379 3887 ὡς

406 3948 501 4034 δηλοῖ
523 3952 564 4014 τὰ
588 3947 796 4035 γεγραμμένα
820 3950 909 4033 αὐτῷ
933 3950 1005 4034 περὶ
1029 3955 1201 4032 ποιητικῆς
1225 3951 1281 4013 καὶ
1305 3951 1378 4035 περὶ

404 4092 564 4175 ποιητῶν,
598 4090 646 4153 ἔτι
680 4088 794 4172 μέντοι
829 4091 870 4152 τὰ
905 4092 1046 4173 Ὁμήρου
1076 4085 1293 4174 προβλήματα
1324 4093 1379 4153 καὶ

406 4231 441 4292 αἱ
476 4230 644 4313 ῥητορικαὶ
680 4226 806 4313 τέχναι.
843 4228 959 4294 Noster
992 4227 1087 4293 multe
1120 4228 1232 4314 scripte
1264 4227 1382 4293 addidit

406 4369 479 4435 varii
514 4368 645 4456 generis,
680 4378 716 4433 ut
749 4368 866 4433 seilicet
894 4366 1063 4432 ostenderet
1094 4366 1288 4432 Aristotelem
1320 4372 1379 4450 τὴν

405 4510 471 4573 τῶν
506 4503 687 4592 ἐλευθέρων
720 4504 878 4571 παιδείαν
911 4504 1154 4570 πεπαιδεῦσθαι
1176 4505 1209 4571 id
1232 4511 1278 4572 est
1303 4505 1381 4571 didi·
