3417 5534
777 701 887 751 norun.
1093 715 1095 718 ·
1279 690 1317 751 al

388 894 464 961 Ibid.
488 895 556 960 Lin.
590 897 639 961 10.
663 894 849 977 Ἀμνντον.
875 896 1024 982 Amyntas
1047 896 1083 960 11
1106 917 1232 984 regnum
1255 895 1320 962 Ma·

345 1036 484 1103 oedoniae
503 1035 629 1124 adeptus
648 1042 693 1101 est
712 1031 863 1102 Eubulide
882 1036 1024 1103 archonte
1045 1039 1110 1103 394
1122 1059 1146 1103 a
1166 1035 1200 1102 0.
1220 1035 1321 1104 Vidrr.

343 1176 494 1244 Glintonis
524 1176 608 1242 Fasti
631 1175 783 1243 Hellenici
816 1198 883 1264 pag.
916 1180 979 1242 240
1011 1181 1042 1241 et
1073 1178 1155 1257 1023
1184 1177 1322 1264 regnavit

344 1338 395 1404 per
415 1319 458 1381 24
477 1337 588 1394 annos,
607 1319 743 1381 mortuus
762 1320 808 1381 est
827 1314 994 1401 Dyscineto
1012 1313 1154 1382 archonte
1172 1318 1236 1383 3⁷0
1248 1339 1273 1383 a.
1285 1315 1320 1382 0.

387 1592 466 1659 Ibid.
496 1592 566 1658 Lin.
591 1595 641 1659 16.
672 1590 831 1677 Προξένῳ
856 1597 901 1676 τῷ
926 1591 1100 1678 Ἀταρνεῖ.
1127 1593 1207 1659 Vide
1228 1598 1321 1661 testa-

342 1739 476 1801 mentum
506 1731 686 1799 Aristotelis
716 1731 796 1821 apud
830 1731 997 1821 Diogenem
1029 1732 1184 1799 Laetilium
1219 1734 1319 1819 (naid.

343 1874 384 1941 H.
414 1874 452 1939 G.
483 1870 647 1939 Hubnerus
670 1871 838 1960 Lipsiensis
864 1894 888 1937 a.
916 1873 1014 1959 1828)
1044 1872 1114 1939 Vol.
1137 1874 1162 1938 I.
1185 1898 1213 1962 p.
1239 1876 1319 1953 320,

342 2012 395 2078 ubi
428 2012 501 2077 haec
535 2012 651 2097 Graece
681 2011 838 2100 leguntur:
877 2010 1065 2097 “Quumque
1098 2011 1196 2100 puella
1229 2013 1320 2079 inerit

342 2156 458 2219 matura
480 2150 545 2217 viro
570 2149 722 2237 (Pythias)
751 2150 785 2215 in
808 2151 1031 2219 matrimonium
1055 2152 1118 2217 dari
1142 2151 1320 2232 Nicanori„

341 2291 412 2357 Illa:
447 2289 606 2369 a'vbysroer
641 2292 730 2375 παρὰ
770 2289 929 2376 Προξένῳ
965 2297 1009 2375 τῷ
1043 2292 1210 2377 Ἀταρνεῖ
1241 2291 1319 2379 apud

341 2428 667 2496 Pseudo-Ammonium
700 2431 743 2494 ita
773 2430 931 2518 leguntur:
954 2429 1113 2509 α’νάγεται
1138 2436 1227 2516 παρά
1250 2456 1318 2497 τινι

341 2568 501 2656 Προξένῳ
535 2570 716 2656 Ἀταρνεῖ,
753 2575 783 2637 et
816 2570 898 2637 varie
931 2570 1126 2657 explicantur.
1167 2571 1318 2638 Nonnulli

342 2710 533 2777 Aristotelem
559 2710 724 2797 proiectum
748 2731 813 2775 esse
835 2712 996 2776 Atameam
1022 2710 1109 2798 (quae
1132 2710 1251 2797 Mysiae
1273 2717 1319 2778 est

341 2849 427 2927 urbs,
449 2849 520 2917 vide
542 2849 703 2915 Oellarium
727 2850 762 2915 Τ.
782 2851 825 2915 ΙΙ.
849 2874 878 2938 p.
901 2848 957 2938 40)
977 2848 1134 2937 perhibent
1152 2849 1189 2916 ad
1208 2849 1317 2918 Prone

340 3011 429 3055 num:
463 2991 499 3055 rt
532 2988 621 3055 Stahr
653 2989 674 3055 l.
705 3011 730 3056 c.
762 2990 795 3055 T.
828 2990 853 3055 Ι.
887 3013 913 3077 p.
946 2993 986 3055 35
1017 2991 1116 3077 ipsum
1147 2989 1316 3058 Proxenum

341 3129 470 3217 Stagiris
503 3128 653 3197 habitasse
687 3134 802 3207 censet,
842 3128 989 3216 imprimis
1024 3128 1105 3214 qnod
1139 3130 1203 3215 ejus
1237 3129 1318 3196 lilius

341 3268 477 3335 Nicanor
506 3276 630 3336 vocatur
660 3267 804 3358 Stagirites
832 3292 848 3334 a
872 3270 964 3335 Sexto
986 3269 1140 3357 Empirico
1163 3270 1227 3335 adv.
1250 3270 1316 3336 Ma·

340 3408 430 3475 them.
462 3431 486 3475 c.
520 3412 568 3474 12.
599 3408 658 3475 Sed
689 3431 742 3496 pro
780 3407 939 3487 ἀνάγεται
975 3409 1206 3496 exspectaverim
1241 3408 1316 3494 τρέ-

341 3572 450 3630 φεται,
486 3570 541 3615 nec
574 3553 675 3615 tamen
710 3548 783 3615 certi
818 3547 892 3635 quid
926 3548 959 3613 in
989 3569 1020 3613 re
1048 3548 1164 3614 incerta
1195 3548 1318 3615 definire

340 3686 443 3752 ausim.

384 3963 457 4052 Peg.
481 3970 508 4029 2.
541 3963 609 4029 Lin.
635 3968 662 4030 1.
686 3948 725 4028 οὗ
749 3968 804 4043 τῆς
828 3970 933 4047 φήμης
959 3970 1182 4048 μνημονεύων.
1210 3965 1316 4031 Versio

341 4105 379 4169 V.
399 4104 435 4169 L.
457 4104 657 4191 conjacentium
678 4105 870 4171 educationis
887 4107 1071 4172 recordatus.
1090 4107 1129 4171 In
1149 4105 1210 4172 vita
1221 4106 1316 4173 Arist.

339 4243 563 4311 Pseud.-Amm.
587 4227 626 4307 ori
649 4245 703 4306 καὶ
729 4250 785 4325 τῆς
809 4251 927 4329 τροφῆς
952 4242 1221 4329 ὅιαμεμνημένος.
1252 4245 1314 4312 Ne·

339 4384 459 4473 gligens
479 4383 619 4451 librarius
638 4385 717 4473 apud
736 4391 875 4450 nostrum
893 4384 1049 4472 scripsisse
1069 4383 1187 4451 videtur
1209 4391 1314 4469 φήμης

338 4545 392 4611 pro
417 4530 547 4609 τροφῆς.
