3417 5534
367 2248 439 2334 Pag.
470 2251 505 2325 l,
535 2248 603 2313 Lin.
638 2250 664 2312 1.
689 2254 744 2327 τῆς
766 2249 826 2328 μὲν
851 2242 903 2327 ἦν.
933 2247 1116 2313 Exciderunt
1137 2247 1297 2334 quaedam,

324 2386 403 2471 quod
437 2386 553 2472 saepius
584 2385 661 2473 apud
693 2391 829 2452 nostrum
861 2386 988 2464 accidit,
1018 2392 1054 2451 ut
1083 2387 1160 2451 infra
1182 2384 1295 2451 videbi·

326 2547 407 2589 mus:
438 2546 464 2591 v.
488 2546 513 2589 e.
544 2522 601 2589 hoe
624 2523 691 2589 loeo
715 2531 759 2607 τῲ
783 2526 842 2606 μὲν
867 2522 955 2601 γένει
979 2518 1018 2604 ἦν
1043 2522 1226 2602 Μακεδὼν,
1252 2523 1297 2588 vel

324 2662 425 2748 Θρᾲξ,
461 2662 620 2749 πατρίδος
656 2662 690 2727 δὲ
726 2664 932 2747 Σταγείρων.
967 2663 1030 2729 cfr.
1060 2663 1133 2729 Vita
1163 2663 1296 2729 Pseudo·

323 2802 476 2869 Ammonii
508 2808 538 2869 et
571 2801 680 2867 Versio
702 2802 800 2869 Vetus
822 2802 941 2870 Latina.
964 2803 1067 2869 Possis
1089 2804 1178 2868 eiiam
1201 2802 1297 2868 multo

322 2942 433 3009 leniore
464 2942 613 3009 medicina
643 2943 743 3009 locum
772 2944 804 3008 in
826 2944 978 3030 integrum
1002 2943 1046 3007 aie
1068 2943 1240 3021 rest'tuere,
1261 2946 1297 3007 ut

322 3084 513 3151 revocatae
541 3084 614 3171 faga
644 3090 773 3170 quatuor
801 3083 943 3149 litterulis
973 3083 1101 3149 scribas:
1133 3081 1296 3169 (πολί)της

321 3223 380 3302 μὲν
405 3216 445 3302 ἦν
470 3222 663 3307 Σταγείρων
687 3246 731 3271 -·-
756 3222 825 3295 viic
850 3220 885 3285 δὲ
910 3225 950 3286 N
952 3226 1119 3306 ικομάχον.
1144 3221 1195 3287 Sic
1217 3222 1296 3285 enim

245 3372 248 3375 '
321 3362 433 3447 optime
455 3362 635 3449 scripturae,
655 3361 753 3447 qualis
771 3384 788 3425 e
807 3360 912 3427 codiee
932 3360 1055 3447 prodiit,
1075 3359 1151 3424 ratio
1170 3364 1297 3424 coastat.

365 3638 442 3705 Ibid.
466 3637 535 3702 Lin.
559 3642 587 3703 2.
619 3640 787 3719 Στάγειρα
811 3634 906 3710 πόλις
931 3636 1075 3721 Θρᾴκης,
1100 3656 1204 3723 nempe
1227 3640 1296 3700 ante

321 3778 480 3855 Thraciae,
502 3782 572 3863 post
594 3775 767 3864 Philippum
792 3775 996 3841 Macedoniae.
1016 3775 1077 3841 cfr.
1096 3776 1133 3839 A.
1154 3773 1244 3839 Siahr
1262 3776 1294 3840 in

319 3918 396 3985 libro
419 3940 443 3984 e.
467 3917 502 3984 Τ.
524 3918 551 3985 Ι.
574 3939 639 4007 pag.
665 3922 716 3983 28.

364 4196 442 4263 Ibid.
464 4196 533 4263 Lin.
558 4197 588 4261 3.
611 4193 802 4269 Φαιστίδος.
828 4194 894 4261 MS.
918 4193 1007 4259 habet
1031 4193 1167 4268 Θεστίας
1191 4192 1295 4261 hicet

318 4336 351 4401 in
374 4337 601 4433 epigrammate,
631 4334 711 4420 quod
735 4334 877 4420 sequitur.
908 4332 1032 4399 correxi
1056 4331 1234 4407 Φαιστίδος
1257 4357 1295 4399 ex

319 4475 405 4540 Vera.
428 4475 466 4539 V.
490 4474 525 4541 L.
548 4480 579 4541 et
600 4475 664 4541 vita
686 4475 781 4540 Arist.
805 4474 968 4539 Pa.·Amm.
