3417 5534
383 666 425 727 30
819 682 928 727 uorsa.

427 874 518 961 Apud
542 874 624 941 hunc
647 873 800 941 distichon
821 876 866 939 ita
887 874 1015 963 legItur:

407 1077 527 1157 Βωμὸν
553 1073 791 1159 Ἀριστοτέλης
817 1073 1009 1159 ἐνιδρύσατο
1034 1072 1128 1139 τόνδε
1152 1072 1332 1147 Πλάτωνος

450 1213 609 1300 Ἀνδρὸς,
636 1216 673 1279 ὃν
700 1214 770 1279 οὐδ’
794 1217 901 1280 αι’νεῒν
927 1220 1010 1278 τοῖσι
1035 1220 1164 1278 κακοῖσι
1188 1212 1296 1297 θέμις.

380 1427 444 1492 Ubi
475 1425 657 1501 Πλάτωνος
689 1433 785 1505 recte,
815 1427 893 1493 male
925 1426 1027 1512 ἐνιδρ.
1061 1449 1114 1514 pro
1138 1425 1303 1510 ἱδρύσατο,
1327 1430 1362 1490 ut

382 1568 470 1631 etiam
502 1566 540 1632 ab
570 1568 642 1633 Ant.
673 1565 885 1632 Westarmann
916 1566 986 1632 edit.
1016 1565 1110 1632 Paris.
1141 1565 1233 1631 Fiam.
1265 1564 1362 1630 Didot

385 1709 468 1773 1850
494 1705 629 1772 ridemus
652 1706 835 1771 restitutum.
858 1704 969 1770 Joanni
993 1703 1162 1791 Theophila
1184 1703 1284 1769 Buhle
1303 1703 1323 1769 1.
1334 1725 1360 1768 c.

382 1844 417 1908 Τ.
442 1844 467 1907 Ι.
498 1866 526 1932 p.
551 1848 602 1910 53.
633 1842 691 1909 hoc
722 1842 875 1909 distichon
904 1845 1065 1910 conflatum
1095 1865 1161 1909 esse
1183 1843 1301 1909 videtur
1323 1865 1361 1909 ex

382 1984 564 2070 fragmento,
596 1983 676 2068 quod
704 1983 836 2049 occurrit
859 1983 892 2047 iu
915 1983 1128 2048 commentario
1151 1981 1361 2068 Olympiodori

380 2122 416 2186 ad
440 2122 584 2209 Gorgiam
603 2122 755 2199 Platonis,
778 2121 918 2208 quodque
944 2123 1071 2210 petitum
1103 2122 1215 2188 dicitur
1233 2145 1270 2186 ex
1289 2120 1360 2186 Ari-

380 2262 497 2326 stotelis
513 2261 617 2347 elegiis
635 2260 672 2326 ad
698 2260 879 2325 Eudemum:
900 2261 952 2326 sed
971 2260 1129 2327 Aristoteli
1148 2260 1277 2326 adscribi
1299 2282 1359 2325 nou

381 2406 494 2488 potest,
521 2400 660 2487 quoniam
684 2400 716 2463 in
738 2422 773 2464 eo
797 2399 829 2463 in
852 2400 942 2464 tertia
965 2422 1089 2487 persona
1112 2399 1149 2465 dc
1171 2423 1203 2465 se
1225 2400 1360 2485 loquitur

379 2538 571 2616 Aristoteles,
583 2538 635 2624 qui
647 2538 819 2603 massarius
831 2537 950 2603 demum
960 2538 1099 2605 obtinuit
1110 2538 1194 2604 Haec
1202 2539 1307 2604 Buhle.
1316 2578 1358 2586 —

379 2678 421 2743 111
441 2699 509 2743 vcro
528 2678 596 2763 quis
616 2677 686 2743 talia
706 2677 743 2742 ab
761 2677 827 2764 ipso
847 2678 1011 2743 Aristotele
1031 2679 1162 2765 profecta
1173 2700 1236 2743 esse
1249 2677 1357 2765 putet?

469 2876 607 2942 Ἐλθὼν
633 2876 709 2952 δ’ἐς
735 2875 865 2942 κλεινὸν
889 2879 1075 2963 Κεκροπίης
1100 2876 1256 2958 δάπεδον,

430 3014 597 3101 Εὐσεβέως
623 3022 738 3097 σεμνῆς
761 3013 872 3099 φιλίης
896 3015 1048 3102 ἱδρύσατο
1072 3017 1180 3103 βωμὸν

473 3154 634 3239 Ἀνδρός,
659 3156 696 3220 ὃν
722 3153 792 3218 οὐδ’
816 3158 924 3221 αἰνεῖν
948 3163 1032 3220 τοῖσι
1057 3162 1186 3220 κακοῖσι
1211 3154 1319 3239 θέμις·

427 3296 487 3370 Ὃς
511 3300 609 3377 μόνος
632 3299 653 3378 ἤ
675 3297 801 3379 πρῶτος
826 3299 962 3378 θνητῶν
988 3293 1176 3370 κατέδειξεν
1198 3292 1354 3379 ἐναργῶς,

473 3435 591 3517 Οἷκείῳ
615 3459 648 3497 τε
672 3434 735 3519 βίῳ
760 3436 814 3497 καὶ
838 3432 1008 3517 μεθόδσισι
1032 3433 1137 3513 λόγων

427 3576 485 3649 Ὡς
509 3574 636 3651 α’μαδδς
660 3598 694 3637 τε
719 3576 774 3636 καὶ
800 3571 962 3656 εὐδαίμων
987 3574 1055 3656 ἅμα
1078 3574 1206 3651 γίνεται
1230 3572 1312 3658 οἷνὴρ

471 3713 517 3777 Οὐ
544 3718 603 3779 νῦν
629 3711 659 3776 δ’
673 3712 741 3776 ἔστι
766 3710 882 3799 λαβεῖν
906 3711 1015 3777 οὐδενὶ
1041 3717 1144 3777 ταῦτά
1167 3736 1258 3777 ποτε.

429 3927 524 3994 Recte
553 3928 612 3994 Ad.
642 3926 733 3993 Stahr
762 3926 781 3992 l.
812 3948 838 3992 c.
870 3926 905 3993 Τ,
931 3928 959 3992 1.
988 3949 1016 4013 p.
1040 3929 1091 3990 62.
1114 3924 1193 3990 nihil
1214 3924 1359 4012 impedire

384 4068 476 4145 dicit,
503 4067 665 4153 quominus
690 4065 846 4131 credamus
870 4087 970 4131 revera
991 4063 1029 4130 ab
1050 4065 1215 4131 Aristotele
1237 4064 1357 4131 Platoni

383 4207 512 4271 dicatam
542 4229 607 4271 esse
637 4228 733 4282 aram,
765 4227 833 4269 curu
865 4228 911 4270 res
934 4228 986 4293 per
1008 4228 1040 4270 se
1062 4204 1225 4292 probabilis
1247 4205 1304 4283 sit;
1328 4209 1358 4269 et

383 4345 564 4431 reliquorum
593 4344 775 4431 conjecturis
798 4348 933 4410 nostram
956 4344 1082 4431 adjicere
1104 4344 1211 4424 liceat;
1233 4366 1271 4411 ex
1293 4366 1356 4407 om·

384 4485 474 4551 uibus
507 4484 554 4551 hia
586 4483 720 4553 versibus
751 4483 804 4548 uni
835 4482 907 4551 huic
938 4481 1057 4568 ἀνδρὸς
1089 4508 1119 4547 a.
1154 4509 1183 4547 τ.
1216 4487 1243 4547 ἑ.
1276 4482 1359 4549 color
