3417 5534
392 680 447 725 vrn
759 681 993 727 PROLEGOMBNA.

443 878 610 958 Σμικρός,
636 872 822 959 φαλακρός,
848 874 988 960 τραυλὸς
1012 878 1030 939 o‘
1051 877 1291 961 Σταγειρίτης,

444 1017 599 1092 Λὰγνος,
625 1018 836 1097 προγάστωρ,
862 1013 1051 1089 παλλακαῖς
1076 1014 1296 1100 συνημμένος,

445 1150 706 1238 Ἀναλφάβητος
731 1153 839 1217 οὑτοσὶ
866 1159 1122 1239 οτιγογράφρος,

444 1288 605 1370 ”Ανους,
630 1294 758 1376 ἄφρων,
783 1294 959 1376 ἄγροικος,
984 1291 1154 1377 αὐθάδης,
1180 1289 1288 1367 λάλος.

430 1529 516 1601 Quos
539 1550 688 1616 perperam
713 1551 806 1594 uuum
826 1530 1008 1615 epigramma
1027 1529 1059 1593 in
1078 1527 1271 1593 Aristotelem
1292 1551 1363 1592 oon-

386 1669 511 1734 stituere
529 1668 748 1733 existimarunt.
768 1667 949 1734 inscribitur
968 1667 1040 1733 haeo
1061 1669 1123 1734 vita
1142 1668 1365 1750 Graeoe’Apt-
1467 1688 1470 1693 ·

387 1805 560 1883 οτοτέλονς
578 1808 649 1893 βίος
671 1810 726 1870 καὶ
750 1812 987 1890 συγγράμματα
1006 1796 1124 1885 anion,
1143 1805 1267 1883 Latine,
1279 1814 1361 1873 Aao-

385 1949 469 2030 nymi
492 1949 529 2010 de
551 1947 728 2011 Aristotelis
749 1950 815 2011 utto
839 1953 932 2029 atque
952 1948 1085 2030 scriptis.

432 2084 499 2151 Hao
531 2084 682 2171 vulgatior
713 2090 743 2149 et
766 2084 867 2149 notior
898 2088 944 2148 est
974 2086 1087 2149 tertio:
1112 2085 1255 2170 (quaein
1279 2086 1364 2151 vitar.

384 2222 558 2289 Aristotelis
588 2223 809 2288 enumeratione
839 2222 944 2288 ordine
973 2228 1019 2287 est
1049 2222 1162 2309 attera)
1196 2223 1287 2310 vulgo
1318 2224 1364 2289 di-

384 2364 464 2428 eitur
486 2358 744 2446 Ἀριστοτέλους
768 2362 839 2446 βίος
863 2368 936 2424 κατ’
957 2361 1155 2443 Ἀμμώνιον
1180 2361 1213 2449 ¹).
1232 2364 1276 2428 At
1296 2384 1365 2429 vero

383 2504 461 2569 hane
482 2501 637 2567 Ammonii
660 2522 768 2566 nomen
792 2522 855 2565 esse
878 2502 1054 2578 ementium,
1078 2499 1166 2565 hodie
1188 2523 1243 2566 neo

432 2642 633 2707 Grammatioi
656 2646 789 2717 certant,
812 2663 866 2707 neo
882 2642 1031 2725 jemand
1046 2640 1157 2725 judice
1180 2641 1221 2706 tu
1243 2648 1295 2706 eat.

427 2782 500 2846 Eam
512 2781 627 2868 primus
638 2780 768 2844 edidisse
778 2780 873 2845 fertur
885 2779 984 2844 Aldus
997 2779 1022 2865 ²)
1033 2802 1101 2843 eum
1114 2781 1267 2845 Ammonii
1280 2803 1360 2846 oom-

381 2919 527 2985 mentatio
538 2919 570 2982 in
582 2917 756 3004 Cetegorias
768 2940 846 2981 anuo
861 2920 963 2988 1503:
978 2939 1044 2982 vere
1055 2918 1175 3002 quidem
1187 2919 1220 3021 in
1233 2924 1363 2996 tantum,

380 3058 462 3145 quod
485 3057 557 3122 haee
577 3057 655 3134 vita,
676 3055 866 3141 paucissimis
892 3055 990 3141 iisque
1013 3056 1184 3141 perexiguis
1214 3058 1362 3145 exeeptis,

380 3197 466 3285 plane
498 3196 538 3260 sit
568 3195 641 3282 ipsis
673 3193 770 3259 verbis
801 3194 921 3270 eadem,
951 3216 1025 3279 quae
1057 3198 1130 3256 κατ’
1163 3193 1361 3275 Ἀμμώνιον

382 3336 480 3414 diota3
505 3334 555 3399 sed
580 3334 729 3420 praefixus
752 3333 823 3417 βίος
847 3329 1107 3415 Ἀριστοτέλους
1130 3332 1362 3399 Commentariis

378 3472 532 3539 Ammonii
565 3474 598 3535 in
630 3470 805 3557 Cetegorias
831 3469 1005 3535 Aristotelis
1030 3471 1120 3536 editis
1143 3471 1222 3557 apud
1248 3472 1361 3537 Aldum

379 3611 468 3675 Pium
493 3608 668 3674 Munatium
699 3610 869 3673 Romanum
895 3608 1033 3674 Venetiis
1060 3612 1144 3673 1503
1169 3609 1286 3675 nullum
1309 3610 1361 3675 ha·

379 3748 428 3813 bet
462 3748 593 3812 auotoris
628 3768 751 3825 nomen;
792 3746 864 3811 hino
901 3748 1028 3812 fortasse
1063 3748 1255 3824 Nannenus,
1292 3770 1359 3813 oum

379 3885 553 3952 Aristotelis
574 3886 666 3952 vitam
687 3891 807 3952 auctore
818 3886 982 3952 Ammonio
1001 3886 1114 3951 Graece
1131 3892 1160 3951 et
1181 3885 1361 3952 Latiueuna

388 4118 556 4128 *—

378 4392 454 4439 tantos
473 4388 607 4439 voearimuo
623 4402 674 4438 eam
691 4388 766 4438 Arist.
785 4387 858 4438 vitam
876 4388 1108 4439 Pseudo-Ammonia

318 4502 320 4505 ’
414 4506 437 4567 ²)
455 4504 509 4555 Vid.
528 4505 676 4554 Weetermau
697 4504 722 4553 in
739 4505 813 4569 praef.
831 4503 888 4553 edit.
907 4503 1046 4555 Parioieuaia
1063 4519 1135 4571 supra
1150 4504 1241 4556 allatae
